1969 3192
569 789 916 837 CAPITULUM
957 789 1569 838 DECIMUMSECUNDUM.

130 912 174 940 Of
190 912 377 951 Possibleqto
464 905 654 954 Sequitur
677 907 725 942 de
758 906 846 942 aliis
879 906 1086 956 speciebus
1120 906 1340 943 modalium
1375 907 1719 955 pertractandum,

147 948 281 1010 13170888ῗέΙῖ
300 949 354 1009 222
406 964 561 1000 duabus
601 964 803 1013 prioribus
844 964 1167 1002 contradictoriis
1206 974 1243 1002 et
1288 964 1412 1001 eciam
1459 964 1720 1001 subalternis:

139 1018 364 1080 'ffffibrffhzffivgfe
406 1021 558 1058 scilicet
602 1023 842 1074 contingenti
886 1023 1131 1074 affirmativo
1177 1033 1214 1060 et
1253 1024 1491 1074 contingenti
1526 1024 1720 1074 negativo.

344 1061 361 1089 y

189 1088 321 1126 and-the
405 1080 481 1118 Ubi
527 1080 659 1129 primo
704 1081 912 1118 sciendum
958 1083 1065 1131 quod
1110 1081 1183 1118 iste
1229 1081 1437 1129 terminus,
1483 1082 1755 1132 contingens,5

154 1123 354 1193 ἒὲξῇῐῐζὲξιῐῇ,
404 1148 535 1187 potest
559 1141 801 1189 quandoque
830 1140 935 1177 sumi
960 1140 1175 1177 modaliter
1204 1149 1240 1177 et
1264 1142 1509 1189 quandoque
1538 1140 1723 1177 nomina-

133 1191 325 1263 Conixgeffzt
343 1228 369 1255 is
405 1197 505 1234 liter.
542 1198 756 1235 Modaliter
780 1200 956 1248 quando,
990 1211 1061 1247 per
1092 1198 1198 1236 viam
1229 1198 1608 1236 circumlocucionis
1632 1211 1721 1235 cum

163 1263 252 1289 taken
274 1271 307 1290 as
329 1272 363 1302 a·
404 1257 526 1293 verbo
559 1257 824 1304 substantivo,
857 1258 988 1306 suplet
1019 1257 1147 1295 vicem
1181 1257 1271 1294 talis
1304 1257 1604 1306 impersonalis:
1637 1270 1723 1294 con-

123 1298 379 1360 ῐέοοῃάῖῗὲὲῗέἓοῗ
406 1315 533 1366 tingit,
567 1316 628 1352 vel
655 1323 783 1365 potest
816 1328 908 1352 esse.
958 1318 1007 1352 Et
1039 1316 1096 1353 sic
1127 1315 1360 1365 proposicio
1393 1317 1442 1353 de
1476 1315 1723 1364 contingenti

125 1367 151 1394 is
172 1368 379 1430 sutgaltffgnate
406 1373 650 1411 affirmativo
695 1375 997 1411 subalternatur
1058 1374 1333 1423 proposicioni
1397 1376 1444 1411 de
1496 1374 1724 1411 necessario
1747 1390 1784 1410 10

131 1438 380 1477 correspondiug
406 1431 659 1479 affirmative,
683 1443 719 1469 et
742 1442 905 1470 econtra
930 1433 1027 1469 dicit
1045 1433 1372 1482 proposicionem
1399 1435 1446 1469 de
1470 1432 1723 1482 impossibili.

142 1478 356 1543 Ριξῑξῗῇζξξὲδ
406 1492 459 1527 Ut
481 1491 706 1527 formaliter
738 1492 937 1540 sequitui-3
972 1504 1124 1528 necesse
1155 1499 1209 1528 est
1238 1493 1348 1528 deum
1382 1504 1475 1536 esse,
1508 1504 1606 1542 ergo
1638 1504 1725 1528 con-

141 1543 373 1605 ἒᾞῇζίῗξέἰῑξξῷ
406 1549 535 1599 tingit,
575 1557 703 1598 potest
748 1563 841 1597 esse,
886 1551 946 1587 vel
990 1551 1217 1601 contingens
1249 1546 1254 1602 Ι
1284 1558 1338 1587 est
1386 1551 1497 1586 deum
1538 1563 1630 1586 esse.
1678 1551 1726 1585 Et
1765 1555 1865 1596 329²

330 1600 364 1614 '⁷
407 1607 499 1644 huic
539 1607 781 1644 contradicit
820 1610 906 1655 hec,
946 1609 1180 1658 impossibile
1218 1616 1273 1645 est
1311 1609 1423 1644 deum
1456 1621 1548 1645 esse.
1594 1610 1643 1644 Et
1676 1609 1725 1644 ad

408 1665 529 1702 istum
553 1678 714 1703 sensum
738 1666 1018 1704 universaliter
1041 1680 1085 1704 ex
1114 1667 1400 1715 proposicione
1429 1668 1476 1703 de
1499 1666 1726 1703 necessario
1747 1671 1782 1702 15

408 1724 589 1772 sequitur
627 1725 859 1773 proposicio
893 1727 940 1762 de
976 1725 1239 1773 contingenti,
1279 1734 1487 1774 tamquam
1522 1725 1597 1761 sibi
1636 1726 1726 1761 sub-

140 1788 191 1815 but
212 1793 264 1815 not
285 1789 373 1815 when
407 1784 620 1819 alternata.
656 1785 911 1832 Quandoque
943 1784 1115 1820 sumitur
1147 1783 1420 1829 nominaliter,
1456 1797 1527 1832 pro
1559 1783 1726 1821 veritate

165 1824 343 1886 takggussa
409 1854 486 1889 que
526 1850 582 1877 est
623 1850 660 1877 et
700 1851 829 1890 potest
869 1855 949 1878 non
989 1855 1091 1890 esse3
1138 1851 1199 1878 ut:
1249 1843 1474 1892 contingens
1521 1850 1575 1878 est
1615 1843 1725 1878 deum

408 1912 490 1936 esse
521 1912 675 1936 causam
711 1901 797 1945 mei,
831 1901 925 1949 quia
960 1911 1017 1937 est
1047 1902 1155 1950 quod
1189 1902 1284 1937 deus
1318 1910 1376 1937 est
1408 1913 1529 1937 causa
1564 1900 1655 1946 mei,
1690 1909 1727 1936 et

408 1967 539 2006 potest
578 1971 660 1994 non
699 1971 783 1995 esse
817 1960 925 2008 quod
965 1961 1062 1996 deus
1095 1959 1145 1996 sit
1184 1972 1304 1996 causa
1345 1959 1440 2005 mei3
1488 1968 1525 1995 et
1557 1958 1612 1995 sic
1644 1971 1727 1994 non
1743 1971 1785 1992 20

408 2017 706 2053 subalternatur
760 2018 911 2054 modali
964 2018 1084 2066 primi
1136 2018 1302 2063 ordinis,
1362 2030 1434 2054 nec
1487 2016 1727 2054 contradicit

411 2074 559 2111 modali
594 2070 628 2110 2i
662 2074 827 2112 ordinis
1301 2112 1307 2117 ,

126 2138 300 2178 Divisiqns:
322 2139 386 2166 into
467 2135 516 2169 Et
538 2133 679 2169 talium
711 2134 1037 2183 contingencium
1068 2143 1125 2170 est
1149 2134 1291 2183 triplex
1320 2133 1477 2171 divisio.
1512 2135 1726 2179 Quoddam

135 2178 370 2244 [ῃῗῗῗέἕὲἕὲηξγ
410 2191 515 2227 enim
552 2200 608 2227 est
642 2192 879 2240 contingens
913 2203 1067 2237 natum,
1102 2202 1138 2229 et
1167 2194 1373 2241 quoddam
1409 2192 1645 2240 contingens
1678 2193 1726 2228 ad

142 2243 375 2313 ''ngffiffli'f'gffyi
410 2250 660 2287 utrumlibet.
715 2253 763 2286 Et
809 2251 1134 2299 contingencium
1184 2260 1370 2287 natorum
1421 2252 1626 2299 quoddam
1672 2254 1784 2286 est25

136 2317 259 2347 nature,
280 2314 377 2341 either
410 2307 645 2356 contingens
678 2322 836 2357 semper
865 2320 903 2347 et
932 2312 1137 2359 quoddam
1172 2309 1408 2357 contingens
1441 2322 1522 2345 non
1556 2321 1726 2356 semper.

135 2349 378 2415 Ζζῃζξξζξχςέάςζζ,
408 2368 457 2401 Et
494 2366 633 2402 talium
669 2369 875 2415 quoddam
916 2378 974 2405 est
1014 2369 1248 2416 contingens
1287 2367 1327 2404 in
1369 2367 1509 2404 maiori
1546 2376 1657 2415 parte
1691 2375 1727 2402 et

117 2427 152 2445 01'
172 2417 391 2455 infewcases.
408 2426 612 2472 quoddam
649 2426 886 2474 contingens
919 2427 958 2463 in
992 2427 1137 2463 minori
1172 2435 1298 2474 parte.

173 2488 333 2536 Weinust
467 2484 544 2519 Pro
582 2497 754 2531 quorum
796 2485 1044 2522 discussione
1083 2486 1375 2532 cognoscenda,
1416 2484 1547 2533 primo
1586 2492 1727 2520 notan-

149 2525 364 2598 pmmggssnhat
409 2542 503 2576 dum
539 2544 645 2590 quod
680 2543 910 2590 proposicio
944 2544 1209 2580 determinate
1241 2556 1332 2580 vera
1365 2544 1424 2578 vel
1464 2541 1727 2578 determinate
1745 2547 1786 2578 30

153 2599 358 2628 proposmon,

479 2742 499 2762 1.
522 2735 597 2770 Cap.
620 2735 703 2771 deest
721 2735 784 2762 AB.
859 2743 883 2762 2.
906 2735 1013 2763 Initia!
1032 2737 1052 2764 S
1074 2736 1104 2762 in
1120 2737 1189 2763 blne
1203 2736 1257 2763 inlr
1270 2737 1308 2763 A.
1382 2735 1406 2762 3.
1423 2744 1457 2762 ac
1469 2743 1528 2770 pro
1544 2740 1571 2762 et
1585 2735 1681 2762 eciam
1694 2736 1726 2762 B.

409 2777 437 2802 4.
459 2770 574 2797 scilicet
596 2770 632 2797 de
654 2770 693 2803 ss;
715 2770 755 2796 ib.
778 2775 803 2796 el
826 2771 862 2796 dc
884 2770 914 2797 Η.
1008 2770 1046 2805 13,
1069 2780 1110 2803 14.
1131 2771 1165 2798 El
1188 2786 1221 2790 —
1241 2775 1270 2798 et
1291 2770 1327 2797 ad
1350 2770 1435 2797 deest
1455 2771 1486 2797 Β,
1588 2771 1629 2798 16.
1653 2779 1724 2806 pro-

410 2805 529 2839 posicio
551 2805 608 2831 sibi
632 2805 663 2831 B.
737 2812 782 2831 ¹20.
805 2806 875 2840 quia
895 2814 954 2840 pro
975 2807 1058 2841 quod
1082 2806 1113 2832 1²..
1188 2814 1227 2833 21.
1251 2806 1365 2840 prioris
1387 2806 1419 2832 Β.
1500 2813 1547 2838 24.
1569 2806 1726 2840 quoddam

408 2844 452 2865 esi
466 2840 497 2866 Β,
572 2840 618 2865 20.
635 2844 665 2866 ut
680 2848 802 2874 semper
818 2841 854 2872 ss;
870 2841 907 2866 ib.
924 2841 1082 2875 quoddam
1099 2846 1144 2867 est
1162 2841 1193 2867 H.
1270 2848 1314 2875 27,
1328 2841 1372 2867 28.
1396 2845 1480 2875 parte
1503 2840 1588 2867 deest
1607 2841 1636 2867 in
1657 2841 1726 2867 both

405 2875 511 2908 places
532 2874 563 2905 B.
638 2874 682 2901 30.
706 2880 751 2901 est
771 2876 852 2909 quod
878 2875 908 2902 Β.
