1969 3192
112 274 160 310 36

135 992 238 1020 There
257 999 308 1019 are
329 997 359 1024 19

170 1027 279 1054 modes
298 1026 332 1053 of

164 1061 336 1101 syllogism,

146 1096 297 1124 classibecl
319 1104 348 1122 in

136 1133 219 1159 three
240 1132 362 1167 figures.

122 1168 149 1195 A
170 1167 261 1194 mode
282 1165 308 1193 is
328 1165 391 1202 the-

113 1201 330 1229 classification
358 1202 387 1226 ot

142 1236 302 1272 syllogismi
325 1236 363 1271 by

114 1273 205 1300 order
225 1271 260 1299 of
276 1275 387 1303 ternis,

154 1316 170 1334 a
191 1307 295 1342 figure,
316 1305 353 1341 by

177 1341 270 1369 order
289 1340 323 1368 of

192 1377 311 1404 modes.

162 1410 340 1440 Mnemonic

209 1448 296 1474 lim-s.

160 1635 193 1662 In
215 1635 265 1661 the
286 1633 351 1660 first

170 1670 265 1704 figure
284 1669 335 1695 the

125 1704 239 1732 middle
258 1708 336 1730 term
358 1702 384 1729 is

135 1739 254 1774 subject
274 1738 303 1765 in
324 1738 374 1765 the

133 1776 259 1812 minori
273 1773 302 1800 in
325 1774 374 1800 the

201 1816 310 1843 major,

119 1844 273 1880 predicate
284 1853 290 1870 z
301 1843 330 1869 in
344 1843 392 1869 tlie

126 1880 184 1913 2¹¹⁶,
204 1879 227 1906 it
247 1878 272 1905 is
293 1877 382 1905 twice

143 1913 313 1948 predicate;
332 1912 365 1951 *in

142 1949 192 1976 the
213 1947 265 1977 3rd.
287 1952 375 1975 tvvice

197 1983 322 2016 subject.

152 2505 318 2540 Examplcs
339 2506 376 2531 ol‘

147 2541 324 2576 syllogismis
346 2540 375 2567 in

184 2575 287 2607 Darii,
310 2575 339 2601 in

137 2610 332 2644 Baralipton,
354 2609 383 2636 in

204 2644 328 2672 Cesare.

832 277 1056 309 JOHANNIS
1083 276 1268 308 WYCLIF
1547 272 1637 300 CAP.
1659 271 1708 298 XI.

398 389 520 425 omnis
544 389 650 423 Deus
682 395 737 423 est
770 394 936 431 eternus,
970 398 1079 421 omne
1110 386 1322 421 increatum
1356 392 1411 420 est
1444 384 1571 419 Deus:
1603 396 1710 431 ergo,

399 459 509 483 omne
552 447 765 482 increatum
809 452 865 480 est
911 452 1105 483 eternum,-
1147 443 1187 479 in
1232 443 1308 479 isto
1346 442 1577 490 syllogismo
1622 450 1713 478 sunt

399 515 477 541 tres
507 503 832 552 proposiciones:
872 502 1038 548 scilicet,
1085 503 1161 537 due
1195 501 1387 549 premisse
1432 510 1468 537 et
1508 513 1586 536 una
1621 513 1713 536 con-

400 562 545 607 clusi03
594 564 670 598 due
704 561 898 610 premisse
932 570 1023 596 sunt
1070 560 1135 596 ille
1181 561 1256 596 due
1291 559 1592 607 proposiciones
1637 571 1713 606 que

400 622 620 670 precedunt
645 622 747 657 hanc
771 628 923 661 notam,
957 631 1077 669 (ἓνὲν-ο,-
1109 628 1145 654 et
1170 618 1374 654 conclusio
1398 627 1455 654 est
1483 616 1744 665 proposiciOJ

399 692 569 728 sequens
602 680 704 715 hanc
738 688 889 719 notam,
925 690 1035 727 ergo.
1083 679 1124 712 In
1158 676 1233 713 isto
1272 677 1449 713 secundo
1482 674 1713 723 syllogismo

401 747 491 774 sunt
524 746 603 774 tres
637 736 811 781 termini,
858 735 1011 772 scilicet
1056 734 1141 771 isti:
1187 736 1306 772 Deus.
1352 742 1540 779 eternum,
1583 742 1619 769 et
1657 734 1713 768 in-

400 804 599 841 creatzcm;
645 805 681 832 et
715 795 786 831 iste
819 794 1027 835 terminus,
1061 792 1184 838 Deus,
1228 802 1284 829 est
1317 792 1472 828 medius
1505 791 1713 833 terminus,

402 863 439 891 et
473 854 545 890 iste
579 854 788 899 terminus,
822 861 988 898 eternus,
1033 861 1090 888 est
1125 851 1254 887 maior
1286 851 1527 895 extremitas,
1574 858 1611 886 et
1644 849 1714 886 iste

401 912 596 949 terminus
630 913 838 957 increatus,
872 921 928 948 est
962 910 1093 946 minor
1126 909 1366 946 extremitas.

460 973 507 1006 Et
538 971 746 1007 sciendum
781 972 887 1018 quod
922 971 1060 1005 decem
1095 978 1132 1004 et
1165 981 1308 1004 novem
1343 976 1433 1003 sunt
1465 966 1574 1003 modi
1597 966 1715 1014 syllo-

402 1030 643 1077 gismorum,
678 1038 715 1065 et
748 1038 827 1064 tres
851 1037 940 1064 sunt
966 1028 1103 1075 figure,
1138 1026 1177 1062 in
1201 1026 1345 1074 quibus
1369 1034 1459 1061 sunt
1482 1024 1714 1073 syllogismi.

404 1089 546 1124 Modus
580 1097 637 1123 est
667 1087 801 1123 debita
834 1085 1043 1122 ordinacio
1077 1085 1198 1120 trium
1232 1083 1514 1129 terminorum,
1548 1095 1624 1131 que
1658 1095 1717 1119 re-

405 1145 621 1194 quiruntur
662 1147 711 1182 ad
745 1144 1043 1192 syllogismum,
1079 1143 1205 1191 figura
1241 1151 1299 1178 est
1332 1141 1467 1178 debita
1500 1140 1717 1189 disposicio

406 1205 632 1240 modorum.
682 1206 723 1239 In
764 1203 894 1251 primo
935 1203 1061 1249 figura
1095 1201 1356 1238 continentur
1401 1212 1545 1236 novem
1592 1198 1714 1243 modi,
1761 1199 1772 1207 ⁷

405 1271 443 1298 et
481 1262 520 1298 in
560 1261 684 1298 tercia
718 1261 845 1309 figura
879 1260 1138 1297 continentur
1171 1272 1236 1295 sex
1270 1258 1392 1295 modi.
1429 1257 1607 1304 Quilibet
1641 1266 1718 1293 ter-

405 1320 537 1356 minus
568 1332 754 1357 versuum
789 1318 1064 1368 sequencium,
1099 1317 1166 1366 qui
1198 1317 1253 1353 sic
1287 1316 1502 1364 incipiunt:

462 1380 653 1424 Barbara,
689 1379 878 1421 celarent,
913 1377 1027 1422 darii,
1062 1376 1175 1421 ferio,
1210 1375 1452 1423 baralipton,

463 1438 660 1483 Celantes,
695 1436 853 1481 dabitis,
887 1436 1082 1484 fapesmo,
1117 1434 1434 1478 frisesomorum,

465 1499 507 1531 2²¹
549 1497 709 1533 Cesare,
744 1503 974 1539 camestres,
1009 1493 1165 1538 festino,
1200 1494 1362 1537 baroco,
1401 1492 1442 1527 3³
1473 1491 1646 1539 darapti,

464 1555 673 1601 Felapton,
707 1552 886 1598 disamis,
922 1552 1053 1597 datisi,
1089 1552 1279 1596 bocardo,
1314 1549 1480 1593 ferison,

407 1611 576 1660 quilibet
622 1611 790 1647 istorum
837 1619 1005 1647 vocatur
1051 1611 1207 1645 modus.
1267 1611 1315 1644 Et
1360 1607 1566 1644 sciendum
1612 1608 1720 1654 quod

408 1669 563 1706 medius
597 1670 791 1706 terminus
825 1670 942 1705 debet
976 1667 1244 1704 diversimode
1289 1665 1469 1702 ordinari
1517 1665 1556 1701 in
1590 1664 1721 1713 prima

409 1728 547 1776 figura,
582 1737 618 1764 et
652 1727 691 1763 in
725 1729 914 1773 secunda,
949 1736 985 1763 et
1019 1726 1058 1762 in
1079 1725 1216 1762 tercia.
1241 1727 1342 1761 Nam
1367 1724 1406 1760 in
1431 1723 1560 1771 prima
1594 1723 1721 1770 figura

409 1787 482 1822 erit
524 1785 678 1822 medius
725 1785 920 1822 terminus
966 1784 1189 1821 subiectum
1238 1783 1277 1819 in
1319 1782 1461 1819 maiori
1507 1791 1544 1818 et
1589 1780 1720 1829 predi—
1762 1781 1775 1813 s

409 1855 540 1881 catum
576 1844 614 1880 in
650 1844 809 1887 minori,
844 1853 881 1880 et
915 1843 954 1879 in
988 1843 1164 1879 secunda
1199 1841 1325 1889 figura
1358 1841 1430 1877 erit
1469 1839 1623 1876 medius
1645 1849 1721 1875 ter-

410 1903 540 1939 minus
573 1902 824 1950 predicatum
859 1911 940 1938 tam
975 1901 1015 1937 in
1049 1899 1192 1937 maiori
1226 1912 1346 1948 quam
1382 1898 1422 1934 in
1457 1897 1620 1945 minorig
1654 1898 1721 1933 sed

408 1961 448 1997 in
482 1961 606 1997 tercia
640 1961 714 1997 erit
756 1960 909 1997 medius
956 1959 1154 1996 terminus
1198 1957 1423 1994 subiectum
1468 1957 1509 1992 in
1552 1964 1722 2004 utraque

409 2019 702 2067 proposicione.
738 2021 786 2055 Et
820 2027 984 2066 propter
1018 2019 1091 2053 hoc
1125 2016 1288 2064 ponitur
1321 2015 1409 2051 talis
1441 2027 1595 2051 versus:

468 2078 558 2123 Sub,
587 2089 674 2126 pre,
709 2077 860 2124 prima,
890 2088 964 2125 pre
995 2076 1063 2118 bis,
1096 2075 1292 2113 secunda:
1327 2072 1462 2119 tercia,
1497 2073 1551 2108 bis
1584 2073 1663 2107 sub.

467 2137 616 2171 Omnes
650 2135 759 2171 modi
792 2134 832 2170 in
862 2134 1006 2182 quibus
1036 2133 1135 2169 fiunt
1167 2131 1385 2180 syllogismi
1418 2139 1583 2179 possunt
1617 2130 1723 2166 clare

410 2190 596 2241 cognosci
619 2206 690 2241 per
721 2206 856 2229 versus
889 2201 1117 2240 sequentes:
1142 2191 1339 2235 Barbara,
1368 2189 1561 2233 Celarent,
1594 2187 1723 2233 Darii,

411 2261 452 2287 ut
486 2264 620 2299 supra.
656 2253 703 2287 Et
736 2252 961 2287 notandum
1004 2258 1061 2286 est
1109 2250 1217 2297 quod
1263 2247 1428 2296 quilibet
1473 2245 1725 2294 syllogismus

411 2310 451 2345 in
484 2309 620 2358 aliquo
664 2309 831 2346 istorum
880 2309 1092 2345 modorum
1140 2305 1343 2343 concludit
1389 2305 1552 2351 directe,
1591 2312 1726 2352 preter

413 2367 605 2416 quinque,
640 2368 708 2415 qui
741 2376 831 2403 sunt
864 2366 903 2403 in
936 2365 1021 2402 istis
1053 2364 1251 2402 versibus:

471 2428 621 2461 Omnes
655 2425 804 2462 directe
837 2425 1101 2469 concludunt,
1136 2422 1269 2470 excipe
1303 2421 1499 2470 quinque:

472 2483 645 2520 Nomina
678 2492 769 2519 sunt
802 2496 987 2532 quorum,
1033 2483 1142 2525 barat.
1175 2493 1228 2527 ce,
1262 2481 1324 2525 da,
1346 2479 1666 2529 sri‘sesomorum.

471 2544 512 2578 ln
542 2541 821 2589 predicacione
854 2540 1006 2577 directa
1035 2540 1091 2576 sic
1127 2540 1169 2575 fit
1200 2537 1453 2586 syllogismus
1492 2537 1531 2572 in
1567 2531 1723 2587 Darii:l

420 2601 553 2637 Omnis
585 2600 729 2636 caritas
753 2607 808 2636 est
831 2599 975 2643 virtzts‚·
1006 2599 1134 2647 aliqua
1160 2597 1317 2633 dileccio
1340 2603 1395 2632 est
1418 2595 1584 2631 caritas:
1620 2606 1726 2641 ergo,
1773 2626 1776 2627 ⁷

485 2777 522 2798 12.
545 2769 722 2805 synonymi.
796 2772 836 2796 ιο.
859 2768 923 2796 Ec?
941 2776 1001 2802 pro
1023 2772 1060 2794 et.

491 2854 540 2885 18.
567 2853 794 2894 Baralipton,
830 2852 1005 2889 CeMntes,
1043 2851 1197 2888 Dabitis,
1234 2851 1420 2888 Fapesmo,
1446 2849 1727 2880 Frisesomorum

416 2910 472 2932 are
499 2900 704 2931 considered
731 2899 775 2942 by
802 2899 948 2930 modern
976 2899 1141 2939 logicians
1167 2904 1201 2928 to
1229 2897 1327 2928 make
1355 2905 1373 2926 a
1399 2894 1513 2926 fourth
1540 2893 1659 2936 figure.
