1969 3192
117 243 193 276 [14
839 241 1065 272 JOHANNIS
1092 241 1278 272 WYCLIF
1557 240 1717 267 CAP.V1.

400 348 563 385 versalis
596 349 632 383 in
666 349 771 383 omni
801 356 976 397 tempore
1008 355 1046 383 tu
1080 349 1168 384 eris.
1204 347 1268 384 Sic
1301 348 1341 384 in
1376 348 1584 396 proposito
1614 349 1718 386 idem

399 415 456 443 est
489 405 640 443 dicere:
681 414 719 442 tu
761 407 837 442 eris
865 418 940 455 per
977 413 1140 455 tempus,
1172 414 1207 442 et
1234 419 1310 455 per
1340 407 1502 443 alicuius
1534 409 1721 456 temporis

398 465 604 513 quamlibet
639 472 794 514 partem
835 464 997 502 tueris.
1051 466 1099 500 Et
1143 464 1198 500 sic
1245 472 1355 512 patet
1400 465 1508 513 quod
1553 475 1719 513 peccant

398 522 589 571 sophiste‚
624 531 816 570 negantes
849 521 1001 570 aliquid
1036 522 1297 570 corruptibile
1331 523 1414 559 fore
1445 535 1514 571 per
1547 532 1719 572 tempus,

399 581 494 630 quia
527 589 634 625 tunc,
676 590 718 616 ut
751 589 942 629 negantes
975 589 1132 628 putant,
1167 593 1241 630 per
1274 594 1384 617 omne
1416 589 1565 630 tempus
1597 582 1719 631 ipsum

399 640 486 685 erit,
522 638 682 675 racione
716 638 1019 675 distribucionis
1043 639 1150 675 illius
1175 638 1478 687 preposicionis,
1509 652 1597 689 per.
1632 642 1720 676 Non

400 697 505 734 enim
552 696 806 733 distribuitur
862 696 1058 733 terminus
1111 696 1175 733 cui
1229 696 1461 745 adiungitur
1514 710 1586 746 pro
1639 697 1721 734 suis

400 755 649 805 significatis,
683 756 751 791 sed
786 754 1042 791 distribuitur
1075 755 1401 792 intellectualiter
1434 768 1507 804 pro
1540 755 1722 804 partibus

400 813 460 850 sui
494 813 722 862 significati.

131 876 235 905 These
257 877 360 904 modal
459 873 506 908 Et
552 872 650 908 tales
696 870 1002 920 proposiciones
1054 873 1101 908 de
1157 871 1286 908 inesse
1334 873 1381 907 de
1426 872 1619 920 preterito
1663 873 1723 909 vel

110 912 385 948 propositions‚to
587 930 593 935 .
1236 929 1242 935 .
1330 929 1336 935 .
1387 929 1393 935 .
1570 944 1577 949 -
1697 931 1704 936 .

151 947 185 974 be
206 951 284 980 true,
307 947 343 974 all
400 930 550 976 futuro,
585 930 801 966 lnferentes
835 930 1015 966 modales
1055 943 1144 966 cum
1186 942 1265 966 suis
1300 931 1416 966 dictis
1450 932 1497 967 de
1531 940 1720 979 plesenti,

118 982 276 1051 sffffiitg‘ssuss
296 982 384 1044 {ligeri
401 988 557 1025 vocavit
610 987 774 1037 quidam
828 987 983 1024 subtilis
1035 987 1188 1036 logicus
1240 988 1546 1036 proposiciones
1590 989 1721 1037 requi-

118 1054 224 1080 others
245 1052 284 1079 do
305 1056 534 1086 not;rentes
587 1046 739 1083 instans
793 1047 843 1083 ad
897 1046 973 1083 hoc
1035 1048 1143 1095 quod
1195 1046 1462 1083 verificentur.
1525 1049 1573 1083 Et
1626 1047 1723 1084 alias

136 1087 360 1157 consggiiiently
401 1118 483 1142 non
536 1104 591 1141 sic
645 1105 860 1141 inferentes
908 1104 1005 1141 dixit
1056 1118 1137 1142 non
1190 1104 1393 1153 requirere
1445 1104 1599 1142 instans
1650 1119 1723 1154 pro

115 1158 381 1227 ΟΠἨΓὺέξᾶζξζέζηὲ
401 1176 473 1200 sua
520 1162 814 1200 verificacione.
859 1164 908 1199 Et
953 1163 1044 1200 ideo
1089 1164 1137 1199 ad
1183 1163 1270 1199 illas
1317 1175 1399 1199 non
1442 1163 1624 1212 sequitur
1667 1164 1723 1200 in-

134 1227 257 1254 follows
278 1235 362 1262 upon
401 1221 540 1270 cepcio
583 1222 643 1258 vel
691 1220 904 1267 desinicio;
956 1230 999 1257 ut
1048 1222 1083 1257 si
1115 1221 1185 1270 sui
1234 1222 1344 1257 albus
1391 1229 1597 1271 postquam
1652 1235 1724 1258 non

163 1262 213 1289 the
233 1262 332 1289 latter.
391 1280 461 1329 sui
517 1280 642 1325 albus,
703 1292 791 1316 cum
854 1279 930 1316 hoc
989 1280 1097 1329 quod
1156 1279 1188 1316 si
1241 1279 1296 1315 fui
1359 1280 1473 1316 albus
1525 1281 1609 1330 fuit
1671 1281 1724 1317 ita

400 1339 503 1387 quod
543 1351 627 1375 sum
678 1338 801 1384 albus,
848 1346 945 1374 tunc
992 1338 1116 1388 incepi
1165 1350 1246 1374 esse
1289 1338 1412 1375 albus.
1466 1340 1515 1375 Et
1566 1338 1598 1375 si
1651 1351 1723 1375 non

392 1404 533 1446 potero
577 1396 708 1432 videre
740 1404 777 1433 te
815 1396 888 1432 nisi
912 1396 1044 1445 suerit
1076 1397 1143 1443 ita,
1183 1396 1292 1433 video
1331 1404 1367 1433 te
1410 1404 1498 1433 tunc
1536 1397 1571 1433 si
1613 1397 1722 1433 video

399 1462 457 1500 te,·
500 1463 555 1492 et:
603 1455 677 1490 iam
724 1467 797 1490 non
844 1454 953 1491 video
993 1463 1040 1501 te,
1079 1454 1216 1504 incipio
1261 1455 1321 1491 vel
1358 1455 1539 1505 incipiam
1590 1455 1721 1492 videre

400 1521 456 1558 te,·
489 1522 526 1549 et
558 1512 613 1549 ita
647 1514 695 1549 de
719 1512 929 1549 similibus.
964 1516 1053 1550 Non
1077 1513 1133 1550 sic
1156 1522 1291 1549 autem
1317 1512 1555 1561 intelligitur
1588 1514 1724 1561 regula

400 1584 472 1608 sua
515 1572 624 1620 quod
668 1570 805 1619 aliqua
846 1571 1080 1619 proposicio
1139 1572 1187 1608 de
1232 1571 1424 1619 preterito
1477 1572 1537 1608 vel
1589 1571 1725 1608 futuro

136 1634 198 1662 Not
219 1634 283 1661 that
304 1635 353 1662 1110
401 1629 548 1678 poterit
586 1628 784 1665 verificari
824 1628 909 1666 sine
942 1629 1125 1667 instanti:
1172 1642 1262 1666 cum
1296 1629 1404 1666 talis:
1451 1642 1524 1681 ego
1564 1643 1630 1666 ero
1672 1630 1725 1666 ita

140 1670 356 1740 psossffiffiong
400 1700 520 1724 senex
551 1688 650 1724 sicut
682 1700 755 1738 ego
789 1700 855 1723 ero
883 1700 959 1737 per
992 1695 1112 1724 totam
1148 1688 1263 1724 vitam
1299 1701 1437 1735 meam,
1482 1687 1556 1724 erit
1589 1700 1726 1725 neces-

145 1748 195 1767 are
217 1743 270 1766 not
290 1743 356 1778 true

145 1779 175 1802 at
195 1783 211 1801 a
232 1779 346 1801 certam

145 1810 273 1842 instant,
296 1809 348 1836 but
402 1803 593 1852 presenti,
627 1803 739 1840 sicud
773 1803 863 1840 talis
897 1804 1141 1841 affirmativa
1182 1803 1384 1852 significat
1417 1805 1465 1841 de
1498 1805 1651 1842 futuro:
1687 1813 1725 1841 et

134 1847 199 1872 that
219 1844 291 1879 they
311 1852 363 1871 are
462 1862 468 1867 -
559 1861 565 1868 .
629 1861 636 1868 .
1064 1862 1071 1868 .
1117 1862 1123 1868 .
1280 1862 1286 1868 .
1347 1862 1354 1868 .
1491 1862 1498 1868 .

124 1880 195 1915 only
217 1881 302 1907 som
326 1879 375 1906 the
401 1862 492 1899 talls
537 1862 763 1910 significata
811 1863 858 1898 de
899 1871 1073 1911 presentl
1115 1863 1306 1899 1ntellex1t
1346 1875 1622 1912 incepcionem
1664 1863 1725 1900 vel

133 1914 364 1976 bejffiiffngfor
405 1920 708 1959 desinicionem.

169 1970 309 2020 ῢεηᾱὴιρῗ.
464 1979 507 2014 30
551 1980 745 2027 probatur
788 1978 1043 2027 particularis
1100 1978 1342 2016 affirmativa
1397 1978 1605 2027 indirecte,
1654 1992 1725 2028 per

107 2030 487 2083 1¹¹·Ab.⁶²b⁸²‘f‘d⁰’'eit1s
539 2037 792 2085 oppositum:
850 2046 893 2073 ut
946 2038 1074 2086 probo
1132 2039 1240 2085 quod
1300 2038 1357 2074 leo
1420 2045 1488 2081 est,
1543 2037 1724 2086 quamvis

110 2070 276 2128 ἴξῑτιῃῐιης,
299 2074 325 2091 x.
347 2073 375 2096 g,

145 2095 557 2148 attiie„specjesnullum
612 2094 805 2140 senciam,
865 2108 907 2132 ex
965 2096 1040 2132 hoc
1100 2097 1210 2144 quod
1252 2095 1407 2144 falsum
1466 2103 1521 2132 est
1578 2096 1723 2132 nullum

110 2136 547 2205 iffsssssfissffffissssyleonem
600 2166 701 2197 6356,-
752 2153 861 2201 quia,
921 2166 1010 2190 cum
1065 2153 1216 2201 species
1270 2153 1396 2190 leonis
1447 2153 1497 2190 sit
1549 2154 1724 2202 perfecta

118 2205 378 2267 ίηάιξξζῧξιέιοῃοη
403 2210 515 2247 cuius
566 2211 817 2247 individuum
864 2225 946 2248 non
998 2221 1127 2260 potest
1171 2211 1352 2260 generari
1402 2211 1477 2248 nisi
1522 2225 1592 2260 per
1635 2225 1724 2260 pro-

196 2274 298 2301 exists-
401 2269 679 2318 pagacffinem,
721 2270 756 2306 si
795 2282 867 2306 non
908 2277 962 2306 est
995 2270 1066 2313 leo,
1100 2282 1172 2306 non
1206 2277 1334 2319 potest
1373 2282 1453 2306 esse
1491 2271 1571 2315 le0;
1615 2271 1723 2319 quod

470 2462 498 2501 3:
516 2453 588 2497 <1655
610 2470 671 2497 pro
697 2462 865 2501 quamlibet
892 2464 936 2495 Α;
960 2463 997 2490 ib.
1023 2463 1066 2490 sic
1093 2463 1177 2502 deest}
1202 2464 1233 2490 Β.
1308 2464 1336 2490 6.
1363 2463 1459 2490 above
1479 2465 1545 2499 erit,
1572 2465 1636 2491 fore
1659 2465 1722 2504 AB.

401 2505 441 2593 i}
453 2497 685 2570 sgssicfizgffifhe
705 2498 767 2567 Illyri?
787 2498 874 2572 pAotes
896 2506 975 2571 Αὲῗ.
987 2497 1452 2569 igeteplsgjtzgissonigitldeziffijuzx.
1471 2535 1535 2570 *203
1556 2499 1669 2572 &desbuoi
1683 2500 1722 2564 ξε

401 2575 410 2593 ι
433 2587 438 2590 .
461 2566 647 2601 incipiebam
671 2566 702 2592 Β.
776 2566 818 2594 23.
841 2575 945 2594 oruelo
967 2576 1022 2601 ego
1044 2568 1075 2594 Β.
1161 2575 1208 2602 24,
1229 2568 1271 2596 25.
1294 2576 1363 2594 vera
1387 2568 1418 2594 Β.
1502 2572 1548 2595 20.
1570 2569 1723 2603 significat

402 2601 483 2628 deest
502 2603 540 2628 A.
615 2608 660 2636 29.
683 2601 776 2628 modo
793 2602 824 2629 B.
899 2601 937 2629 31.
960 2610 994 2629 eo
1011 2602 1042 2629 Β.
1117 2601 1160 2629 32.
1182 2602 1252 2638 quia
1267 2602 1354 2630 deest
1366 2603 1399 2630 B.
1482 2602 1524 2630 33.
1547 2608 1674 2638 propter
1689 2604 1721 2631 Β.

401 2635 445 2669 33,
466 2635 512 2670 34.
536 2644 589 2671 per
611 2636 863 2671 proposicionem
884 2637 991 2664 struck·
1010 2640 1062 2665 out
1072 2647 1080 2668 ‚·
1102 2645 1155 2673 per
1176 2637 1438 2672 propagacionern
1459 2639 1490 2665 in
1511 2646 1613 2674 marg.
1635 2640 1674 2666 A.

477 2721 529 2752 23.
568 2719 644 2751 The
684 2727 842 2751 moment
879 2720 919 2752 of
953 2721 1055 2752 death
1095 2722 1122 2753 is
1159 2721 1242 2753 here
1281 2722 1314 2752 in
1353 2722 1528 2763 question.
1568 2723 1612 2753 At
1653 2722 1725 2753 that

406 2773 563 2798 moment
589 2776 656 2797 one
684 2773 812 2798 cannot
838 2778 914 2810 say:
941 2768 970 2798 X
996 2768 1026 2799 is
1052 2778 1088 2799 as
1114 2768 1174 2799 old
1195 2778 1232 2799 as
1252 2767 1296 2799 he
1316 2779 1396 2799 ever
1414 2769 1485 2799 will
1505 2769 1557 2808 be,
1576 2769 1725 2800 because

404 2813 433 2843 X
460 2813 563 2844 exists
590 2824 636 2843 no
671 2812 809 2854 longer;
849 2813 909 2845 but
941 2814 965 2845 it
991 2815 1018 2845 is
1045 2820 1119 2845 true
1146 2814 1218 2845 that
1242 2814 1286 2845 he
1313 2815 1446 2856 ‘begins
1472 2822 1508 2846 to
1535 2815 1587 2846 be'
1615 2814 1724 2855 older,

405 2869 445 2889 or
470 2858 543 2890 that
567 2858 612 2890 he
638 2859 736 2890 ‘ends
762 2859 806 2901 by
833 2859 948 2901 being’
975 2870 1012 2891 as
1038 2860 1108 2891 old.

402 1745 527 1786 saria:
561 1747 629 1782 sed
663 1745 858 1782 intellexit
891 1747 999 1794 quod
1033 1759 1105 1794 pro
1138 1746 1250 1782 nullo
1283 1745 1447 1783 instanti
1481 1746 1555 1783 erit
1587 1745 1643 1783 ita
1676 1747 1724 1783 de
1767 1749 1782 1780 5

1743 884 1781 905 10

1745 1165 1781 1197 15
