1969 3192
109 212 158 251 56

114 337 216 372 Every
235 336 257 364 A
279 337 328 364 bul
351 337 376 363 Ji

110 373 134 398 is
154 372 179 399 C
198 380 267 406 may
288 380 375 398 mean

115 407 210 434 either
230 407 331 441 Every
351 407 376 433 Β

133 442 158 468 is
177 445 231 469 not
250 442 275 469 C
293 441 351 468 and

102 476 204 511 Every
222 477 245 504 A
267 477 333 503 thal
352 476 383 503 is

111 512 168 538 less
178 513 253 538 than
266 512 291 538 B
303 512 328 538 is
341 510 379 543 C;

146 555 181 573 or
200 547 302 581 Every
322 546 347 573 B

113 581 223 617 dtsffers
234 580 324 618 from
348 580 373 608 C

100 619 159 644 and
176 615 222 643 No
233 617 256 644 A
269 617 336 643 that
356 624 382 643 ts

127 654 182 679 nol
201 652 226 678 Β
245 651 355 687 differs

162 686 252 724 from
277 687 308 715 C.

116 921 218 951 When
240 929 286 949 we
307 928 360 956 say

111 959 135 986 A
158 959 183 985 is
203 960 258 985 not
275 964 362 989 more

97 995 170 1022 than
191 993 218 1019 Β
231 1000 277 1019 we
298 991 376 1030 deny

123 1030 184 1056 that
205 1027 354 1063 anything

141 1065 201 1091 else
221 1070 276 1090 can
300 1063 353 1099 be>

121 1097 296 1135 predicated
318 1100 349 1123 ot

131 1136 167 1167 it;
188 1133 279 1160 when
300 1140 345 1158 wc

132 1177 184 1205 say
204 1168 226 1195 A
249 1169 274 1195 is
293 1170 345 1194 not

118 1207 208 1232 other
227 1203 300 1231 than
321 1202 357 1236 B,

122 1248 167 1266 we
189 1240 268 1274 deny
289 1245 348 1276 air-ly

118 1275 297 1302 ditfereuce:
318 1280 346 1299 m

97 1310 168 1337 both
189 1317 274 1337 cases
290 1308 371 1334 there

112 1353 183 1381 may
203 1345 238 1371 be
258 1351 354 1371 error.

830 227 1056 261 JOHANNIS
1081 229 1269 264 WYCLIF
1537 230 1625 261 CAP.
1646 232 1713 263 XV.

454 332 529 367 Sed
564 332 729 369 ulterius
762 336 986 372 notandum
1021 338 1128 385 quod
1162 338 1364 387 exceptiva
1397 340 1452 377 sic
1485 350 1618 390 potest
1651 356 1712 380 ex-

398 389 504 435 poni,
528 390 662 437 gracia
678 391 919 439 pluralitatis
936 395 997 430 vel
1017 395 1153 442 gracia
1175 397 1346 434 alietatis
1374 411 1442 435 seu
1461 400 1710 449 negacioni83

397 455 439 482 ut
478 447 547 494 sic,
588 448 778 487 dicendo:
824 451 932 488 Deus
971 465 1043 489 non
1071 454 1173 502 fecit
1204 455 1278 492 nisi
1307 464 1473 504 quatuor
1512 459 1711 503 elementa,

398 513 527 552 potest
549 507 695 543 habere
713 509 833 544 talem
857 522 1038 548 sensum:
1060 512 1498 564 Deusnonsecitplura
1514 517 1712 563 elementa,

396 574 508 610 quam
528 573 695 613 quatuor
718 575 754 603 et
776 568 884 604 Deus
900 569 1002 618 fecit
1024 578 1191 618 quatuor
1208 572 1414 619 elen1enta;
1436 583 1472 610 et
1495 574 1550 611 sic
1574 588 1711 612 sensus
1730 581 1744 611 5

396 630 453 657 θεῖ
486 635 618 671 verus3
651 624 712 661 vel
745 634 875 673 potest
908 626 1037 664 facere
1071 629 1192 665 talem
1226 642 1401 678 sensum,
1435 632 1570 680 gracia
1590 646 1710 682 nega-

395 679 533 727 cionis‚
568 681 628 718 vel
650 682 840 720 alietatis:
876 684 983 722 Deus
1005 699 1078 722 non
1101 688 1202 736 jecit
1233 689 1306 725 nisi
1326 698 1493 738 quatuor
1524 692 1709 728 elementa

393 738 453 774 vel
491 739 568 775 alia
602 752 715 789 quam
749 750 928 790 quatuor,
969 753 1006 781 et
1037 744 1147 782 Deus
1173 747 1275 795 fecit
1313 756 1479 796 quatuor
1512 750 1708 787 elementa.

395 798 444 834 Et
476 797 549 834 iste
582 810 719 836 sensus
753 809 810 837 est
843 800 978 848 falsus,
1013 803 1107 851 quia
1137 805 1242 841 Deus
1276 805 1370 843 fecit
1402 808 1481 844 duo
1514 808 1710 846 elementa

392 855 453 891 vel
492 864 529 893 et
568 856 646 893 tria
686 858 896 906 elementa,
943 869 981 897 et
1019 862 1098 898 duo
1137 863 1197 899 vel
1236 863 1313 900 tria
1352 875 1444 902 sunt
1492 875 1572 903 tarn
1614 876 1768 904 notaio

393 922 568 961 quatuor
600 928 721 963 quarn
761 916 888 954 eciam
928 918 1006 955 alia
1045 933 1167 968 quani
1207 931 1392 970 quatuor.
1446 926 1494 961 Et
1526 925 1615 962 talis
1648 938 1709 962 so-

393 971 631 1019 phisticacio
670 983 800 1022 potest
841 975 927 1012 fieri
965 976 1005 1013 in
1038 978 1185 1015 talibus
1218 981 1579 1029 proposicionibus.
1636 985 1712 1020 Sor

392 1043 464 1066 non
488 1039 543 1067 est
566 1044 638 1068 non
663 1033 788 1072 homo.
824 1036 900 1071 Ista
923 1044 1054 1083 potest
1077 1037 1132 1073 sic
1157 1038 1374 1086 predicari:
1409 1042 1486 1077 Sor
1502 1049 1557 1077 est
1580 1042 1707 1085 homo,

392 1097 428 1124 et
461 1089 538 1125 Sor
570 1103 642 1126 non
681 1099 736 1127 est
769 1105 841 1128 non
876 1094 989 1129 homo
1021 1095 1081 1132 vel
1102 1096 1211 1131 aliud
1242 1109 1354 1145 quam
1389 1099 1524 1141 homo,-
1556 1109 1594 1136 et
1616 1100 1706 1136 talis

391 1159 528 1183 sensus
562 1156 619 1185 est
652 1162 779 1188 verus.
820 1151 891 1188 Vel
924 1151 999 1189 ista
1032 1162 1162 1201 potest
1195 1155 1250 1191 sie
1284 1156 1504 1204 predicari:
1545 1159 1622 1193 Sor
1653 1164 1764 1195 est15

391 1206 516 1250 homo,
563 1215 600 1243 et
641 1208 718 1243 Sor
755 1221 827 1245 non
867 1218 922 1246 est
963 1211 1056 1259 plus
1088 1224 1200 1260 quam
1241 1215 1378 1259 lzomo,·
1420 1216 1488 1252 sed
1535 1217 1610 1253 hoc
1649 1226 1706 1253 est

389 1263 554 1311 falsum3
606 1265 700 1313 quia
738 1265 823 1316 ipse
857 1277 915 1305 est
946 1269 1069 1317 albus,
1108 1271 1274 1320 sapiens,
1312 1275 1509 1319 sacerdos,
1548 1275 1706 1323 animal,

387 1323 619 1370 substancia,
643 1333 680 1361 et
703 1324 759 1362 sic
782 1338 865 1362 esse
882 1327 969 1375 plus
991 1340 1073 1364 esse
1094 1341 1216 1377 quam
1239 1342 1322 1368 esse
1338 1332 1468 1368 solum
1485 1332 1703 1370 hominem.

388 1381 436 1417 Et
461 1380 550 1418 ideo
575 1383 767 1420 debemus
790 1384 999 1432 predicare
1032 1387 1129 1423 tales
1162 1389 1485 1437 proposiciones:
1525 1392 1705 1428 Christus

386 1451 458 1475 non
492 1447 546 1476 est
579 1441 653 1478 nisi
682 1442 811 1487 Deus;
842 1442 916 1480 ista
950 1453 1008 1481 est
1041 1445 1153 1496 falsa,
1187 1446 1281 1495 quia
1315 1448 1496 1485 Christus
1531 1458 1587 1486 est
1620 1458 1701 1486 tam
1720 1464 1762 1485 20

386 1498 491 1534 Deus
525 1511 646 1547 quam
680 1500 822 1547 hom03
857 1510 894 1538 et
926 1503 998 1540 hec
1029 1512 1086 1540 est
1119 1504 1231 1553 falsa,
1266 1508 1373 1554 quod
1407 1508 1519 1543 homo
1552 1516 1702 1545 nonest

384 1556 459 1592 nisi
488 1569 644 1606 corpus,
677 1558 772 1607 quia
805 1559 890 1608 ipse
924 1570 982 1597 est
1016 1570 1098 1598 tam
1132 1575 1278 1612 corpus
1312 1578 1434 1613 quarn
1469 1565 1619 1613 anima,
1665 1575 1702 1603 et

384 1615 653 1663 compositum
695 1629 737 1653 ex
779 1617 850 1654 his.
905 1620 982 1655 Sed
1016 1622 1239 1658 notandum
1282 1625 1390 1671 quod
1423 1624 1522 1661 tales
1555 1638 1702 1673 propo-

384 1672 556 1710 siciones
590 1675 792 1723 exceptive
815 1689 896 1713 non
919 1687 1010 1715 sunt
1029 1679 1190 1727 proprie
1214 1681 1428 1730 exceptive,
1453 1682 1528 1719 nisi
1556 1683 1703 1720 fuerint

382 1730 627 1770 universales
660 1734 912 1782 affirmative,
947 1737 1007 1773 vel
1041 1738 1236 1786 negative.
1720 1747 1759 1779 25

529 1898 558 1912 *⁸01
691 1906 725 1916 Α
837 1907 870 1918 Α

451 1921 491 1942 10.
514 1924 563 1943 no.
633 1916 673 1944 18.
695 1926 727 1944 ee
750 1917 817 1952 plus
838 1927 881 1946 ee.

450 1999 481 2030 7.
509 1989 599 2021 Here
626 1988 683 2022 the
711 1992 906 2032 exposition
933 1992 960 2024 is
980 1995 1152 2036 negative.
1181 1995 1361 2038 Logically
1381 1996 1404 2027 it
1418 1995 1528 2039 ought
1546 2003 1582 2028 to
1601 1998 1701 2029 stand

379 2031 476 2066 thus:
504 2036 614 2067 Nulla
640 2037 810 2070 elementa
838 2037 906 2071 nisi
930 2045 1096 2082 quatuor,
1122 2046 1204 2074 sunt
1221 2044 1330 2085 facta
1359 2053 1380 2075 α
1402 2043 1477 2075 Deo
1504 2044 1572 2085 (No
1590 2045 1619 2075 A
1640 2043 1701 2075 but

379 2082 406 2112 B
434 2082 461 2112 is
487 2082 528 2123 C)
559 2082 675 2115 which
708 2093 769 2115 can
805 2095 905 2117 mean
946 2086 1055 2119 either
1085 2087 1206 2131 Every
1223 2088 1251 2121 A
1271 2089 1299 2121 is
1320 2089 1431 2121 Cand
1451 2100 1494 2122 no
1514 2094 1542 2122 A
1568 2091 1647 2122 that
1673 2092 1701 2123 is

381 2137 479 2160 more
506 2130 592 2161 than
621 2130 651 2162 Β
676 2130 704 2162 is
734 2131 779 2171 C;
817 2142 858 2162 or
884 2132 1006 2175 Every
1032 2137 1059 2165 A
1087 2135 1115 2167 is
1144 2136 1182 2174 C,
1220 2136 1287 2167 and
1315 2146 1359 2168 no
1385 2135 1413 2167 A
1440 2137 1519 2169 that
1545 2136 1573 2168 is
1599 2138 1702 2169 other

379 2174 463 2207 than
491 2175 522 2206 Β
539 2175 567 2207 is
588 2176 625 2208 C.
703 2176 752 2209 18.
779 2178 790 2208 Ι
817 2177 943 2210 should
971 2181 1135 2224 certainly
1160 2181 1249 2213 have
1275 2181 1426 2225 thought
1451 2182 1524 2214 that
1549 2182 1607 2214 the
1632 2190 1701 2214 text

379 2231 451 2252 was
478 2230 617 2265 corrupt
642 2222 735 2264 here,
762 2224 830 2256 had
859 2226 869 2257 Ι
898 2233 956 2258 not
983 2226 1092 2258 found
1121 2238 1162 2258 an
1190 2229 1390 2270 expression
1418 2230 1550 2272 exactly
1569 2230 1701 2261 similar

378 2267 481 2299 when
502 2269 636 2311 Wyclif
657 2277 793 2303 returns
820 2278 854 2303 to
880 2272 938 2305 the
965 2283 1061 2305 same
1088 2274 1224 2316 subject
1250 2276 1283 2306 in
1302 2276 1432 2318 Logice
1452 2276 1698 2309 Oontinuacio.
