1969 3192
83 929 111 956 A
124 930 201 956 term
213 928 238 955 is
251 927 360 963 simple

101 972 137 991 or
157 963 347 999 compound.
377 977 384 984 ·

92 998 259 1033 according
279 1006 312 1025 as
333 998 355 1025 it

95 1034 202 1061 stands
224 1034 272 1060 for
292 1041 350 1060 one

127 1069 193 1096 idea
214 1077 249 1095 01·
269 1069 316 1096 for

171 1112 273 1140 many.

96 1459 121 1486 If
141 1458 261 1493 simple,
283 1457 304 1484 it
325 1456 350 1483 is

95 1492 292 1530 categorical
310 1500 345 1518 or

88 1527 352 1564 syncategoricaly

92 1563 259 1597 according
279 1571 311 1589 as
333 1562 353 1589 it

85 1601 149 1629 nas,
171 1607 205 1625 or
226 1598 281 1625 has
296 1601 359 1627 not,

119 1633 263 1668 meaning
283 1632 320 1668 by

176 1669 267 1695 itselt‘.

84 2044 316 2078 Iscateg01·ical‚
339 2045 359 2071 it

108 2080 133 2106 is
152 2081 288 2115 general
307 2088 342 2106 or

128 2115 312 2147 individual,

93 2150 259 2183 according
280 2158 312 2176 as
333 2149 354 2176 it

103 2185 210 2212 stands
230 2186 276 2211 ror
297 2185 345 2211 tlic

125 2224 231 2247 nature
252 2220 286 2246 of
304 2228 319 2246 a

85 2256 171 2289 thing
192 2263 226 2281 or
248 2255 295 2281 for
310 2256 359 2283 the

96 2290 182 2324 thing
203 2290 299 2321 itselst
322 2291 346 2318 il'

155 2325 289 2360 general,

136 2361 308 2395 equivocal,

92 2396 354 2427 lmmcenclenlal,

121 2443 155 2461 or
176 2433 326 2461 unt'vocal.

723 788 1068 838 CAPITULUM
1103 788 1357 836 PRIMUM.

433 918 661 963 Terminus,
716 918 825 965 large
877 918 1094 965 loquendo,
1149 925 1205 952 est
1260 915 1388 952 diccio
1434 914 1698 952 artificialiter

376 986 536 1014 inventa
590 985 753 1024 propter
805 975 1147 1024 composicionem
1193 973 1507 1022 proposicionis;
1562 982 1598 1010 et
1643 973 1699 1010 sic

374 1048 494 1072 omne
533 1035 611 1071 tale
645 1036 753 1083 quod
788 1043 844 1071 est
879 1033 1007 1070 diccio
1041 1033 1081 1069 in
1115 1032 1380 1081 grammatica
1414 1041 1470 1068 est
1503 1031 1698 1068 terminus

375 1094 414 1130 in
447 1093 590 1141 logica.
1716 1092 1732 1124 5

432 1153 509 1188 Sed
547 1151 813 1188 terminorum
852 1150 975 1199 aliqui
1008 1158 1099 1186 sunt
1132 1148 1333 1197 simplices
1367 1157 1404 1184 et
1436 1147 1559 1196 aliqui
1593 1160 1701 1184 com-

373 1210 506 1259 positi.
539 1210 753 1246 Terminus
786 1209 952 1257 simplex
987 1217 1044 1244 est
1073 1207 1202 1244 diccio
1232 1207 1294 1244 cui
1318 1206 1459 1242 unicus
1484 1214 1700 1253 conceptus

373 1270 661 1317 correspondet
700 1268 739 1304 in
778 1267 925 1313 anima,
971 1275 1013 1302 ut
1045 1268 1179 1309 hona),-
1228 1265 1422 1302 terminus
1456 1263 1700 1312 compositus

373 1337 430 1364 est
463 1327 592 1363 diccio
625 1326 687 1363 cui
722 1325 837 1362 multi
871 1334 1088 1373 conceptus
1120 1337 1200 1360 non
1229 1323 1440 1371 synonymi
1464 1335 1699 1370 correspon-

373 1387 479 1431 dent,
514 1394 556 1421 ut
589 1387 701 1421 lzonzo
732 1392 900 1429 sanctus,
933 1384 1078 1419 animal
1111 1383 1236 1418 vivum
1271 1391 1345 1418 etc.
1719 1395 1757 1415 10

430 1443 714 1480 Tei-minorum
757 1442 998 1491 simplicium
1040 1440 1204 1490 quidam
1249 1450 1305 1476 est
1344 1448 1612 1487 categorema,
1660 1447 1696 1474 et

375 1503 538 1551 quidam
587 1511 643 1538 est
693 1510 1035 1549 syncategorema.
1091 1501 1355 1546 Categorema
1394 1506 1463 1543 θεῖ,
1510 1497 1572 1533 cui
1614 1509 1699 1533 cor-

376 1562 620 1609 respondent
660 1560 834 1596 intencio
868 1560 907 1595 in
941 1558 1088 1602 anima,
1123 1557 1353 1605 significans
1399 1569 1470 1604 pro
1504 1568 1557 1601 re,
1606 1567 1699 1591 con-

376 1619 566 1656 vertibilis
600 1632 689 1655 cum
725 1620 865 1654 eodem
900 1616 1093 1656 termino:
1127 1625 1169 1652 ut
1203 1615 1265 1651 isti
1290 1614 1476 1659 termino,
1511 1615 1636 1653 homo,
1660 1613 1698 1648 in

375 1679 524 1726 scripto
557 1678 616 1714 vel
649 1677 688 1713 in
720 1689 817 1713 voce
851 1676 1138 1722 correspondet
1171 1676 1242 1710 hec
1277 1672 1465 1718 intencio,
1499 1674 1625 1715 homo,
1659 1671 1697 1706 in
1721 1675 1755 1707 15

373 1737 527 1779 anima;
562 1745 598 1771 et
625 1735 700 1772 ista
727 1734 915 1780 intencio,
949 1735 1076 1779 homo,
1108 1732 1148 1768 in
1177 1732 1326 1778 anima,
1350 1740 1407 1767 est
1431 1729 1699 1767 convertibilis

375 1808 464 1831 cum
506 1795 572 1830 illo
606 1793 792 1836 termino,
836 1794 960 1838 homo,
1003 1792 1040 1827 in
1075 1790 1224 1839 scripto
1257 1791 1316 1826 vel
1350 1789 1389 1825 in
1421 1801 1530 1825 voce.
1578 1787 1700 1835 Igitur

374 1863 448 1890 etc.
484 1854 820 1902 Syncategorema
855 1861 911 1887 θεῖ
944 1850 1138 1886 terminus
1167 1847 1487 1896 consignificans,
1522 1846 1583 1883 cui
1618 1859 1697 1881 non

375 1913 662 1960 correspondet
701 1910 876 1946 intencio
916 1909 955 1945 in
994 1908 1129 1945 animo
1170 1909 1217 1944 de
1251 1906 1496 1954 significat03
1543 1913 1585 1940 ut
1624 1904 1697 1939 iste

375 1970 582 2015 terminus,
618 1970 753 2013 omnis,
786 1968 952 2017 quilibet,
985 1968 1030 2010 si,
1063 1980 1149 2011 non,
1178 1978 1268 2015 pro,
1303 1974 1376 2001 etc.
1715 1976 1756 1997 ρο

433 2028 742 2075 Cathegoricum
769 2027 974 2075 quoddam
1000 2034 1057 2062 est
1081 2035 1308 2069 commune,
1334 2032 1375 2059 ut
1399 2023 1523 2067 homo,
1540 2020 1697 2063 animal,

374 2089 490 2123 canis.
532 2089 577 2122 Et
610 2085 755 2122 dicitur
789 2084 984 2120 terminus
1019 2082 1260 2127 communis,
1295 2081 1389 2129 quia
1421 2078 1698 2128 principaliter

374 2145 571 2193 significat
595 2153 781 2180 naturam
799 2155 1052 2179 communem
1072 2142 1121 2177 ad
1138 2149 1260 2185 extra,
1284 2140 1385 2175 sicut
1402 2138 1474 2174 iste
1490 2136 1696 2181 terminus,

375 2205 501 2249 homo,
534 2201 809 2250 principaliter
842 2201 1040 2248 significat
1072 2208 1258 2235 naturam
1292 2199 1522 2241 humanam,
1558 2204 1594 2230 et
1624 2195 1697 2229 iste

376 2261 584 2307 terminus,
614 2261 732 2306 canis,
756 2259 1034 2308 principaliter
1064 2257 1261 2305 significat
1285 2264 1469 2292 naturam
1497 2253 1697 2298 caninam,
1715 2256 1753 2287 25

376 2329 412 2356 et
450 2320 524 2356 iste
562 2319 756 2355 terminus
790 2318 936 2353 animal
966 2315 1239 2365 principaliter
1279 2312 1476 2361 significat
1508 2320 1694 2347 naturam

375 2378 574 2423 animalis,
609 2377 773 2423 scilicet,
809 2375 1121 2419 animalitatem3
1161 2382 1197 2409 et
1230 2373 1303 2408 iste
1336 2369 1544 2413 terminus,
1578 2370 1696 2407 Deus,

378 2437 651 2484 principaliter
690 2434 890 2482 significat
929 2443 1113 2470 naturam
1150 2431 1339 2475 divinam,
1385 2440 1462 2477 que
1496 2436 1552 2463 est
1587 2439 1695 2463 com-

377 2495 507 2531 munis
539 2494 665 2530 tribus
698 2493 878 2541 personis
911 2492 948 2527 in
984 2490 1140 2527 divinis.

434 2555 480 2588 Et
525 2551 824 2599 cathegoricum
880 2551 1083 2598 quoddam
1138 2557 1194 2584 est
1239 2546 1470 2591 discretum,
1524 2552 1567 2579 ut
1619 2544 1693 2579 hoc
1712 2547 1755 2579 30

377 2624 614 2660 pronomen,
661 2612 744 2653 lzoc,
789 2619 825 2645 et
865 2608 943 2645 alia
982 2606 1223 2656 pronomina
1263 2601 1589 2643 demonstrativa,
1634 2602 1694 2638 vel

376 2670 558 2705 similiter
581 2668 745 2717 propria
769 2667 948 2713 nomina,
983 2675 1023 2701 ut
1045 2666 1251 2708 ιῙωΙιαηηθς,
1281 2663 1473 2698 Rohertns
1506 2669 1579 2696 etc.
1615 2661 1690 2695 Sed

376 2730 505 2765 adhuc
538 2727 734 2763 terminus
761 2726 955 2761 discretus
981 2732 1109 2772 potest
1139 2722 1226 2770 capi
1250 2719 1516 2767 singulariter,
1554 2726 1595 2753 ut
1620 2718 1691 2763 hic,

448 2884 465 2902 1.
488 2875 664 2909 Capitulum
687 2873 777 2900 deas-l.
854 2881 876 2897 ε,
901 2871 1005 2897 lm'ltlrl
1024 2870 1050 2897 '1‘
1072 2871 1101 2896 in
1124 2870 1191 2895 blm’
1212 2868 1272 2895 inlr.

1960 2974 1969 3051 ⁸⁴⁴.-
1963 2918 1969 2953 ΛΜ
1967 2871 1969 2893 Α.
1967 2827 1969 2831 Δ
