1969 3192
150 837 174 856 2.
199 828 365 855 whatever

147 864 269 891 tollows
290 864 370 890 t'rom

127 899 174 926 the
197 898 331 931 junction
353 898 387 924 οῖ’

223 937 285 960 two

149 967 372 1004 propositions,

138 1011 195 1030 one
216 1003 325 1030 denied
348 1003 377 1029 in

128 1038 244 1074 reality,
265 1038 324 1064 and
347 1037 396 1064 the

149 1073 236 1100 other
257 1073 369 1107 during

127 1108 176 1135 the
196 1108 341 1141 exercise,
362 1109 387 1134 is

127 1147 157 1169 to
179 1143 213 1170 be
234 1142 392 1175 admitted,

146 1179 300 1204 whatever
320 1178 368 1204 tlte

151 1220 363 1247 consequence

193 1256 262 1284 may
285 1248 329 1274 be.

211 1468 236 1496 3.
258 1469 285 1496 It‘
303 1478 318 1496 a

142 1505 336 1540 proposition
358 1504 383 1531 is

160 1539 323 1567 irrelevant
342 1544 372 1567 to

143 1576 193 1601 the
212 1575 385 1610 obligatorv

132 1618 201 1644 one,
222 1610 243 1637 it
264 1616 346 1638 must
368 1607 402 1638 be

139 1646 298 1673 answered
321 1654 354 1672 as
375 1647 393 1673 it

180 1680 205 1706 is
226 1681 355 1710 known:

163 1716 309 1742 admitted
331 1724 364 1742 as

137 1756 213 1783 true⁷
234 1751 342 1778 denied
364 1759 396 1777 as

198 1787 284 1818 satse,
306 1794 341 1812 or

174 1821 307 1848 doubted
330 1830 362 1848 as

182 1856 350 1884 uncertain.

842 244 1067 279 JOHANNIS
1094 244 1278 279 WYCLIF
1521 239 1610 270 CAP.
1632 240 1726 270 xxn.

407 367 526 404 quam
562 366 805 403 repugnans,
840 353 934 403 quia
966 353 1040 390 ista
1074 362 1130 390 est
1155 353 1307 401 regula:
1334 354 1463 389 Omne
1497 364 1724 400 repugnans

407 414 538 462 posito
585 427 605 450 a
648 422 686 449 te
734 421 791 449 est
840 413 1082 460 negandum.
1130 411 1282 448 Deinde
1327 420 1579 459 proponatur
1620 410 1725 446 Anti-

405 472 574 508 christus
596 479 651 508 est
669 471 891 508 contrarius
912 470 1080 506 Christo.
1106 471 1374 511 Concedatur,
1396 468 1489 517 quia
1509 470 1582 505 hoc
1607 468 1726 516 signi-

407 530 498 567 ficat
531 542 679 566 nomen
713 529 809 566 eius.
860 528 1025 573 Deinde,
1067 528 1097 564 si
1132 538 1306 576 ponatur
1339 528 1433 564 ista:
1467 526 1728 562 Antichristus

407 588 546 624 viciose
568 588 684 633 vivit,·
716 596 773 624 est
797 599 967 635 sequens
996 599 1038 623 ex
1062 586 1208 636 posito,
1232 587 1292 623 vel
1316 587 1415 623 bene
1441 597 1645 630 concesso,
1668 584 1728 620 vel
1748 587 1762 619 5

408 658 596 683 concesso
618 646 788 682 durante
812 654 993 693 tempore
1017 643 1299 692 obligacionis:
1326 653 1382 681 est
1401 657 1423 680 a
1446 652 1483 679 te
1508 643 1727 679 conceden-

409 706 518 740 dum.
567 706 614 740 Et
647 703 869 740 formaliter
903 702 1104 751 sequitur:
1148 703 1407 738 Antichristus
1441 709 1496 738 est
1529 702 1654 744 homo,
1696 708 1730 736 et

408 763 488 812 ipse
511 770 564 798 est
588 762 810 799 contrarius
831 761 1009 801 Christo:
1031 773 1129 811 ergo
1149 761 1410 797 Antichristus
1441 760 1573 796 vitiose
1598 759 1701 795 vivit.
1723 755 1726 810 1

467 820 556 857 Alia
603 821 739 869 regula
793 828 849 856 est
896 819 995 856 ista:
1050 832 1169 855 omne
1215 818 1438 855 formaliter
1483 829 1652 866 sequens
1687 829 1730 852 ex
1775 821 1827 850 15³

412 879 543 927 posito
588 892 678 915 cum
725 878 910 926 opposito
956 879 1054 914 bene
1102 877 1249 925 negati,
1290 877 1350 913 vel
1396 889 1486 913 cum
1533 874 1790 924 oppositism

411 938 510 973 bene
543 946 781 985 negatorum
815 937 986 972 durante
1020 944 1203 983 tempore
1237 933 1514 982 obligacionis,
1549 943 1606 970 est
1640 946 1662 969 a
1694 941 1731 969 te

412 996 730 1033 concedendum.
785 996 847 1038 Ut,
900 1007 1005 1041 pono
1045 993 1115 1030 tibi
1156 994 1293 1030 istam:
1340 993 1473 1028 Omnis
1517 992 1629 1028 homo
1677 998 1731 1027 est

414 1055 547 1099 Rome,
586 1052 770 1090 admitto.
815 1052 967 1088 Deinde
1007 1065 1189 1100 propono
1229 1052 1365 1088 istam:
1427 1052 1480 1086 Tu
1520 1063 1559 1087 es
1599 1051 1731 1092 Rome,

414 1120 594 1159 negatur,
629 1111 723 1160 quia
756 1111 853 1147 falsa
887 1119 924 1146 et
958 1110 1216 1158 impertinens.
1251 1109 1404 1146 Deinde
1439 1121 1624 1156 propono
1658 1107 1731 1144 tibi

414 1169 551 1206 istam:
586 1178 624 1205 tn
658 1182 697 1205 es
730 1170 863 1210 lzomo,·
894 1177 1075 1216 negatur,
1112 1168 1206 1216 quia
1240 1175 1437 1216 repugnat
1474 1166 1607 1214 posito
1641 1170 1790 1202 cum15

413 1227 600 1276 opposito
634 1229 733 1264 bene
757 1226 904 1275 negati.
940 1226 1092 1263 Deinde
1116 1239 1318 1275 propono:
1353 1233 1392 1261 tu
1426 1237 1498 1261 non
1531 1237 1570 1261 es
1601 1225 1735 1268 homo,-

414 1286 660 1331 conceditur,
712 1285 807 1334 quia
863 1284 1043 1333 sequitur
1088 1297 1130 1320 ex
1175 1284 1364 1332 opposito
1409 1296 1500 1319 curn
1547 1281 1733 1331 opposito

414 1346 513 1380 bene
557 1344 701 1392 negati,
748 1343 841 1392 quia
874 1343 1072 1391 sequitur,
1115 1343 1238 1379 omnis
1276 1343 1388 1378 homo
1423 1349 1477 1378 est
1509 1342 1652 1385 Rome,·
1696 1347 1733 1376 tu

415 1415 487 1439 non
521 1415 559 1439 es
591 1404 732 1438 Rome:
779 1402 902 1452 igitur
935 1409 973 1437 tu
1007 1414 1078 1437 non
1112 1414 1151 1437 es
1184 1402 1308 1437 homo.

473 1460 562 1497 Alia
594 1461 731 1508 regula
770 1469 828 1496 θεῖ
870 1459 964 1496 ista:
1011 1460 1071 1496 Ad
1116 1459 1361 1507 inpertinens
1407 1458 1733 1505 respondendum
1754 1469 1794 1489 20

417 1527 475 1555 est
506 1520 728 1555 secundum
762 1531 875 1554 suam
909 1517 1156 1565 qualitatem.
1204 1519 1289 1553 Hoc
1323 1525 1399 1553 est:
1440 1515 1471 1552 si
1510 1515 1559 1552 sit
1601 1515 1735 1563 aliqua

417 1576 647 1625 proposicio
681 1586 717 1613 et
750 1575 997 1624 impertinens
1030 1576 1130 1612 scita
1163 1589 1184 1612 a
1218 1584 1254 1611 te
1288 1588 1371 1611 esse
1403 1586 1508 1619 vera,
1553 1582 1611 1610 θεῖ
1644 1586 1666 1610 a
1699 1582 1736 1608 te

419 1636 690 1672 concedenda.
736 1635 776 1670 Si
810 1635 859 1670 sit
891 1634 990 1670 falsa
1025 1643 1061 1670 et
1093 1634 1192 1669 scita
1226 1647 1247 1670 a
1281 1642 1318 1669 te
1352 1645 1436 1669 esse
1468 1632 1581 1677 falsa,
1624 1640 1681 1668 θεῖ
1715 1643 1736 1667 a

419 1702 456 1730 te
488 1694 686 1742 neganda.
731 1695 778 1728 Et
812 1692 842 1728 si
876 1692 925 1728 sit
959 1691 1093 1737 dubia,
1133 1691 1232 1728 scita
1266 1704 1287 1728 a
1321 1700 1357 1727 te
1391 1703 1475 1726 esse
1509 1690 1643 1735 dubia,
1679 1697 1735 1725 est

421 1765 441 1788 a
474 1760 511 1788 te
545 1751 780 1789 dubitanda.
816 1750 1020 1786 Pertinens
1053 1750 1161 1786 casui
1196 1758 1253 1785 est
1287 1749 1382 1785 illud
1417 1750 1525 1796 quod
1557 1747 1792 1796 sequiturzf·

423 1811 483 1846 vel
506 1818 711 1857 repugnat.
738 1808 1000 1857 impertinens
1024 1808 1133 1844 casui
1152 1817 1207 1844 θεῖ
1232 1808 1329 1843 illud
1344 1809 1455 1855 quod
1469 1819 1541 1843 nec
1557 1806 1736 1854 sequitur

424 1881 496 1904 nec
531 1877 743 1916 repugnat3
783 1876 825 1903 ut
864 1879 970 1914 pono
1010 1866 1079 1902 tibi
1120 1866 1256 1902 istam:
1304 1867 1380 1902 Sor
1413 1866 1505 1901 vivit
1537 1864 1739 1901 caritative

419 1939 493 1975 per
536 1934 654 1962 totam
706 1926 821 1961 vitam
870 1938 1001 1961 stiam:
1052 1924 1237 1971 admitto,
1292 1936 1490 1972 proponO,
1544 1924 1736 1959 concedo.

423 1984 574 2020 Deinde
609 1997 809 2032 propono:
845 1991 882 2019 tn
924 1996 963 2019 es
997 1984 1132 2022 homo,-
1177 1983 1434 2032 concedatur,
1475 1982 1569 2030 quia
1601 1993 1737 2018 verum

422 2052 459 2079 et
492 2042 771 2090 impertinens:
805 2054 942 2078 verum
978 2050 1034 2077 est
1068 2042 1115 2077 de
1148 2041 1267 2077 facto.
1301 2043 1349 2076 Et
1373 2049 1429 2076 est
1463 2039 1738 2087 impertinens,
1756 2043 1797 2074 30

423 2101 516 2149 quia
568 2113 648 2137 non
701 2101 880 2148 sequitur
933 2112 1005 2136 nec
1058 2108 1253 2147 repugnat
1307 2098 1455 2146 posito;
1513 2098 1607 2146 quia
1660 2109 1740 2132 non

423 2159 615 2207 sequitur,
662 2160 737 2194 Sor
774 2159 864 2194 vivit
897 2158 1099 2194 caritative
1135 2170 1210 2206 per
1251 2165 1369 2192 totam
1419 2157 1530 2193 istam
1581 2156 1741 2199 horam;

424 2230 534 2267 ergo,
569 2225 607 2253 tu
641 2230 679 2253 es
707 2218 841 2255 homo:
873 2228 944 2252 nec
978 2225 1185 2264 repugnat.
1231 2216 1309 2251 Sed
1349 2224 1455 2251 stant
1488 2216 1587 2250 bene
1621 2213 1741 2249 simul

425 2277 533 2323 quod
568 2276 644 2311 Sor
676 2276 767 2311 bene
801 2275 892 2310 vivit
920 2287 995 2323 per
1027 2281 1145 2309 totam
1182 2274 1296 2309 vitam
1330 2286 1452 2318 Suam,
1488 2281 1525 2309 et
1557 2272 1666 2320 quod
1700 2278 1738 2306 tu

424 2334 475 2370 sis
508 2334 633 2369 homo.
669 2335 716 2369 Et
749 2333 779 2369 si
803 2342 1054 2381 proponatur
1083 2331 1171 2368 talis
1197 2331 1444 2380 proposicio,
1479 2331 1555 2366 Sor
1572 2329 1739 2379 placebit
1757 2334 1796 2365 35

426 2393 509 2428 Deo
538 2404 612 2440 per
643 2399 762 2427 totam
797 2391 911 2426 vitam
945 2404 1076 2430 suam,-
1120 2389 1368 2435 conceditur,
1414 2388 1528 2437 quasi
1569 2399 1739 2436 sequens

426 2459 462 2486 et
488 2450 708 2497 pertinens,
743 2449 836 2497 quia
863 2449 1056 2497 sequitur,
1082 2450 1158 2484 Sor
1182 2449 1278 2484 vivet
1301 2447 1505 2483 caritative
1524 2459 1599 2495 per
1622 2453 1739 2482 totam

428 2509 542 2544 vitam
558 2520 799 2557 suanm-erga
818 2508 1069 2556 Sor-placebit
1085 2508 1182 2550 Deo,
1204 2515 1241 2542 et
1265 2515 1409 2542 cetera.
1435 2507 1482 2540 Et
1504 2505 1535 2540 si
1559 2512 1741 2540 sumatur

426 2567 466 2602 in
499 2567 638 2602 eodem
674 2578 785 2601 casu:
833 2566 974 2600 Nullus
1007 2566 1083 2601 Sor
1120 2566 1211 2601 bene
1250 2565 1354 2607 vivit,
1400 2572 1581 2611 negatur,
1627 2560 1741 2610 quasi

427 2636 652 2672 repugnans
677 2633 713 2660 et
737 2623 958 2671 pertinen&
993 2623 1086 2671 quia
1120 2623 1194 2659 ista
1229 2624 1307 2658 duo
1340 2634 1421 2657 non
1446 2629 1612 2669 possunt
1636 2629 1741 2656 stare
1755 2633 1800 2664 40

427 2682 546 2718 simul
580 2682 619 2718 in
652 2681 831 2727 veritate,
871 2683 979 2729 quod
1019 2682 1115 2717 Sors
1153 2680 1355 2717 caritative
1388 2680 1480 2715 vivit
1506 2691 1582 2728 per
1622 2685 1740 2714 totam

429 2741 544 2776 vitam
577 2753 700 2787 suam,
734 2749 771 2776 et
803 2741 931 2775 nullus
964 2741 1040 2775 Sor
1066 2740 1196 2788 placet
1229 2739 1325 2775 Deo.

499 2896 539 2922 ¹9·
560 2887 666 2915 Romo.
738 2886 785 2920 34.
807 2887 877 2922 quia
897 2885 1006 2922 before
1024 2887 1093 2915 Sor.
