1969 3192
100 1021 128 1048 A
141 1025 229 1053 term,
252 1027 321 1055 may
340 1020 374 1046 be

152 1056 319 1086 universal,

142 1090 330 1126 particular,

135 1132 281 1156 common,
303 1133 338 1151 or

157 1160 313 1195 singular.

118 1545 146 1572 if
166 1544 311 1579 singular,
333 1544 353 1571 it

119 1581 144 1607 is
165 1580 360 1607 immediate:

142 1615 167 1641 if
183 1623 340 1648 common,

165 1650 307 1682 mediate,

121 1685 248 1711 because
269 1685 290 1711 it
310 1692 364 1710 ean

104 1720 218 1746 receive
234 1727 248 1744 a
266 1724 329 1745 sort
347 1719 381 1745 of

112 1754 368 1781 demonstr-,aiom

154 2244 181 2269 Α
201 2247 279 2269 term
302 2243 326 2269 is

123 2278 273 2309 um‘vocal,
294 2278 319 2304 is
336 2277 356 2304 it

134 2313 159 2339 is
179 2312 301 2347 applied
323 2317 353 2339 10

111 2348 251 2374 dill'erent
271 2347 374 2381 things

139 2382 169 2409 in
191 2382 240 2408 the
262 2390 345 2409 same

190 2425 292 2448 sense:

117 2452 284 2486 equivocal,
306 2452 331 2478 it*
348 2452 368 2479 ii

135 2487 159 2512 is
181 2487 301 2521 applied
324 2491 354 2513 to

106 2522 244 2548 different
266 2522 368 2555 thing>

150 2557 177 2583 iu
201 2557 338 2583 dinei-cni

188 2600 302 2618 >CHNCIM

834 262 1058 296 ιΙΟΗΛΝΝΙΞ
1085 262 1269 296 WYCLIF
1577 260 1666 288 CAP.
1689 259 1710 287 1.

389 371 612 409 subiectum
636 371 676 408 in
698 371 840 419 logica.
865 373 913 407 Et
935 370 1167 419 oppositum
1192 380 1357 408 vocatur
1380 371 1651 419 predicatum3
1677 380 1713 408 et

388 432 552 467 verbum
587 430 676 466 illos
710 431 808 466 duos
843 429 1036 465 terminos
1060 430 1266 477 copulans,
1302 428 1448 465 dicitur
1472 430 1630 477 copula.
1665 432 1712 466 Et

388 489 606 537 aliquando
639 487 861 524 subiectum
895 496 933 523 et
966 487 1218 536 predicatum
1252 499 1432 535 expresse
1464 487 1640 535 ponitur,
1676 496 1713 524 et

388 547 606 596 aliquando
640 545 972 593 subintelligitur3
1005 545 1114 582 verbi
1147 545 1287 593 gratia,
1322 545 1362 581 in
1396 546 1470 582 hae
1505 545 1713 583 oracione:

389 605 497 641 video
542 605 746 651 hominem,
797 603 1150 651 subintelliguntur
1194 613 1276 640 tam
1322 603 1543 640 subiectum
1592 605 1748 653 quami>

389 663 654 711 predicatum.
679 663 757 698 Sed
780 662 820 698 in
842 662 917 699 ista
941 661 1143 708 oracione,
1168 675 1240 713 ego
1261 674 1344 697 Sum
1366 662 1496 698 videns
1511 663 1715 707 hominem,

390 720 624 769 exprimitur
678 729 906 769 utrumque.
960 723 1061 757 Nam
1120 720 1193 757 iste
1250 719 1456 766 terminus,
1516 732 1601 771 ego,
1658 729 1714 757 est

389 779 633 825 subiectum,
685 788 721 815 et
767 780 842 815 hoc
886 780 1064 820 verbum,
1111 792 1209 822 sum,
1254 788 1311 815 est
1355 778 1519 827 copula,
1567 788 1603 815 et
1642 778 1714 814 iste

388 837 595 883 terminus,
638 837 768 873 videns
801 837 1004 883 hominem,
1043 846 1100 873 est
1139 837 1404 885 predicatum.
1443 838 1548 873 Nota
1588 836 1713 873 eciam

389 897 497 945 quod
541 895 670 932 omnis
715 895 908 932 terminus
946 904 1112 931 vocatur
1152 895 1205 931 ‘in
1245 897 1461 941 contextu³,
1509 904 1545 931 et
1584 894 1775 931 omnisio

389 954 526 990 oracio
558 962 725 991 vocatur
760 954 1031 990 ‘contextum'.

446 1012 730 1048 Terminorum
757 1011 881 1060 aliqui
904 1021 995 1047 sunt
1019 1011 1274 1051 universales,
1299 1011 1422 1059 aliqui
1439 1010 1714 1059 particulares,

391 1070 516 1119 aliqui
550 1083 799 1117 communes,
834 1070 958 1118 aliqui
992 1069 1224 1117 singulares.
1258 1069 1438 1105 Termini
1472 1069 1715 1105 universales

391 1138 481 1165 sunt
525 1128 602 1175 isti,
649 1129 783 1173 omnis,
823 1129 954 1171 nichil,
992 1129 1133 1171 nullus,
1173 1135 1344 1176 uterque,
1382 1128 1549 1176 quilibet,
1583 1134 1715 1163 neuter

390 1196 427 1223 et
461 1187 727 1235 unnsquisque.
772 1186 951 1222 Termini
997 1185 1258 1234 particulares
1303 1195 1393 1221 sunt
1432 1185 1509 1231 isti,
1543 1185 1770 1234 quidam,15

389 1245 540 1294 uliquis,
564 1246 676 1289 alius,
699 1245 801 1281 alter
824 1254 860 1281 er
885 1257 990 1280 ianus.
1022 1244 1202 1280 Termini
1227 1256 1461 1280 communes
1485 1252 1576 1279 sunt
1600 1243 1711 1288 tales,

389 1305 516 1344 homo,
554 1304 732 1354 angelus,
778 1312 814 1339 et
858 1304 1004 1338 animal
1047 1312 1122 1339 etc.
1168 1301 1347 1338 Termini
1387 1302 1607 1349 singulares
1651 1302 1711 1338 vel

389 1361 548 1398 discreti
594 1371 686 1398 sunt
731 1361 868 1397 onmia
912 1360 1079 1397 nomina
1125 1360 1302 1408 propria,
1348 1361 1408 1397 vel
1453 1359 1707 1408 pronomina,

388 1421 449 1456 vel
489 1420 676 1456 adverbia
716 1419 1044 1465 demonstrativa,
1084 1428 1127 1455 ut
1160 1420 1313 1456 Petrus.
1347 1419 1506 1464 Paulus,
1538 1430 1624 1469 ego,
1657 1425 1710 1462 tu,

391 1479 467 1519 ille,
500 1479 572 1521 hic,
606 1479 668 1524 ibi,
701 1486 802 1527 tunc,
837 1490 947 1523 nunc,
979 1478 1077 1514 sicut
1111 1486 1147 1513 et
1180 1477 1292 1512 idem.
1729 1489 1770 1510 20

449 1539 496 1572 Et
540 1536 701 1573 termini
747 1548 982 1573 communes
1022 1535 1208 1571 dicuntur
1248 1534 1425 1581 mediati,
1473 1543 1509 1571 et
1548 1533 1710 1570 termini

392 1594 566 1640 discreti,
606 1594 843 1632 immediati.
886 1597 933 1630 Et
966 1594 1112 1630 dicitur
1144 1593 1338 1630 terminus
1372 1592 1581 1637 mediatus,
1617 1591 1711 1640 quia

392 1654 510 1689 habet
544 1652 761 1689 terminum
796 1652 1026 1688 inferiorem
1060 1664 1099 1688 se
1133 1664 1203 1699 per
1236 1664 1353 1699 quem
1378 1659 1510 1699 potest
1533 1649 1709 1698 probari.

393 1711 503 1747 Sicut
537 1711 575 1747 in
608 1711 684 1747 ista
717 1711 998 1759 proposicione
1031 1711 1143 1746 homo
1177 1717 1245 1755 est,
1278 1711 1352 1746 hoc
1386 1709 1557 1756 signum,
1582 1710 1711 1754 homo,

393 1779 449 1805 est
488 1769 681 1805 terminus
722 1769 932 1815 mediatus,
978 1768 1072 1817 quia
1112 1769 1230 1804 habet
1269 1779 1493 1816 pronomen
1532 1766 1767 1811 inferius,23

393 1840 462 1876 per
505 1829 614 1875 quod
657 1837 787 1876 potest
831 1827 1007 1875 probari,
1054 1827 1289 1863 resolvendo
1334 1826 1452 1862 istum
1495 1825 1708 1861 terminum

393 1898 664 1933 communem,
699 1888 826 1929 homo,
850 1898 920 1934 per
946 1898 1068 1921 unum
1106 1884 1322 1921 terminum
1357 1884 1614 1932 singularem,
1639 1883 1713 1919 sic:

394 1947 463 1981 hoc
496 1952 550 1981 est
583 1945 912 1990 (demonstrando
945 1944 1141 1988 Pet1·ztm);
1190 1952 1226 1979 et
1259 1944 1330 1979 lzoc
1362 1950 1417 1978 est
1450 1943 1582 1978 lzomo:
1621 1954 1715 1988 ergo

394 2005 506 2039 homo
560 2011 626 2039 est.
686 2002 902 2039 Terminus
955 2001 1197 2038 immediatus
1257 2010 1313 2037 est
1366 2000 1454 2036 talis
1507 1999 1714 2045 terminus,

394 2061 460 2110 qui
513 2074 593 2098 non
639 2062 757 2098 habet
802 2061 976 2109 aliquem
1023 2059 1238 2096 terminum
1286 2058 1516 2095 inferiorem
1562 2071 1602 2093 se
1646 2070 1716 2106 per
1734 2062 1775 2094 30

394 2132 512 2168 quem
572 2128 702 2167 potest
762 2119 938 2167 probari.
1000 2117 1064 2154 Sic
1118 2127 1175 2154 est
1228 2116 1436 2165 quodlibet
1489 2128 1714 2164 pronomen

395 2177 772 2215 demonstrativum.

451 2236 666 2272 Terminus
718 2235 912 2272 univocus
966 2243 1022 2271 est
1075 2233 1141 2282 qui
1195 2246 1265 2281 per
1319 2234 1486 2269 eandem
1541 2230 1715 2268 nominis

395 2294 599 2331 racionem
648 2293 845 2341 significat
894 2306 954 2329 res
999 2292 1191 2338 diversas3
1243 2291 1344 2327 sicut
1390 2290 1462 2327 iste
1507 2289 1716 2331 terminus,

395 2354 523 2396 homo,
561 2352 759 2400 significat
793 2364 954 2388 omnem
989 2350 1194 2387 hominem
1231 2351 1303 2385 sub
1336 2348 1411 2385 ista
1446 2347 1606 2384 racione
1639 2350 1774 2395 que'35

396 2420 452 2447 est
485 2411 631 2446 animal
664 2411 870 2446 racionale.
907 2412 953 2446 Et
981 2409 1053 2446 iste
1086 2408 1294 2453 terminus,
1327 2407 1486 2452 animal,
1519 2405 1718 2453 significat

395 2482 514 2505 omne
548 2469 697 2505 animal
730 2471 801 2504 sub
835 2468 909 2504 ista
942 2467 1103 2504 racione
1127 2479 1205 2515 qua
1229 2475 1285 2502 est
1307 2464 1525 2501 substancia
1548 2464 1716 2500 animata

395 2528 602 2567 sensibilisu·
623 2526 717 2575 quia
740 2526 870 2563 omnis
895 2527 1016 2562 homo
1041 2534 1097 2562 est
1121 2524 1271 2561 animal
1294 2523 1508 2568 racionale,
1534 2531 1571 2558 et
1599 2534 1718 2558 omne

397 2585 545 2621 animal
579 2594 635 2621 est
669 2585 899 2621 substancia
922 2584 1099 2621 animata
1124 2581 1333 2619 sensibilis.
1367 2579 1583 2617 Terminus
1609 2579 1719 2629 equi-

397 2656 516 2679 vocus
561 2652 630 2682 est,
677 2643 743 2691 qui
783 2652 946 2691 propter
986 2642 1165 2678 raciones
1205 2641 1379 2677 diversas
1417 2638 1616 2686 significat
1656 2650 1716 2674 res
1733 2651 1778 2681 40

397 2702 585 2747 diversas,
609 2700 688 2737 sive
712 2701 798 2749 ipsa
821 2701 898 2737 sint
922 2700 1167 2737 diversarum
1194 2698 1417 2747 specierum
1443 2696 1560 2742 (sicut
1576 2696 1722 2732 animal

397 2759 589 2802 latrabile,
614 2759 763 2794 marina
788 2760 926 2805 bellua,
952 2768 987 2795 et
1011 2759 1147 2795 celeste
1168 2757 1286 2802 sidus,
1312 2768 1483 2805 quorum
1509 2754 1716 2803 quodlibet

397 2817 444 2853 sit
479 2817 550 2854 iste
583 2816 777 2853 terminus
801 2817 917 2859 canis,
952 2818 1170 2853 secundum
1207 2815 1382 2851 diversas
1416 2812 1596 2849 raciones
1629 2824 1716 2860 spe-

397 2876 560 2918 cilicas),
599 2876 678 2910 six-e
711 2875 787 2910 sint
822 2875 996 2910 eiusdem
1033 2873 1191 2922 speciei.
1232 2876 1278 2908 Et
1312 2872 1366 2908 sic
1401 2871 1472 2907 iste
1506 2870 1716 2916 terminus,
