1969 3192
154 1155 188 1186 15

213 235 301 263 CAP.
324 237 373 264 Xl.
786 239 969 271 LOGICA.

212 345 401 381 sicionem
443 345 677 392 simplicem.
728 346 836 381 illum
880 346 981 382 enin]
1018 360 1114 383 voco
1153 360 1311 382 sensum
1353 361 1515 395 compo—

212 403 330 438 situm
373 403 437 450 qui
479 403 654 450 precedit
696 416 816 438 unum
859 416 1114 440 communem
1158 418 1228 452 pro
1268 419 1347 452 quo
1389 406 1516 441 veriti-

213 470 335 507 cetur,
370 462 463 496 dum
498 469 632 496 tamen
660 474 731 508 pro
764 462 872 497 nullo
905 462 1095 509 singulari
1129 462 1235 499 illius
1269 464 1514 505 communis:

212 527 253 553 ut
276 519 464 554 hominem
499 530 579 554 esse
610 526 665 554 est
697 520 970 563 necessmimn,
1004 530 1040 556 et
1063 529 1197 556 tamen
1229 522 1361 557 nullus
1395 522 1516 557 homo

211 585 268 611 est
307 576 382 612 ille.
431 578 478 611 Et
516 588 674 612 sensum
717 576 885 612 divisum
919 590 1017 614 voco
1057 591 1215 614 sensum
1250 579 1317 627 qui
1350 579 1517 627 requirit

210 633 409 681 singulare
448 646 519 681 pro
557 646 637 682 quo
683 634 911 682 proposicio
955 635 1195 681 verificatur,
1237 645 1279 672 ut
1324 636 1407 673 hic:
1454 650 1516 673 ne-

210 692 376 727 cessario
419 691 531 727 homo
575 699 630 728 est
675 693 863 730 mortalis.
918 694 966 728 Et
1010 693 1065 730 sic
1111 694 1243 730 sensui
1291 695 1516 743 composito

209 749 379 785 deservit
416 749 647 797 supposicio
693 749 872 798 simplex,
919 760 955 787 et
1002 751 1134 788 sensui
1179 752 1303 789 diviso
1348 753 1518 790 deservit

175 806 437 855 'supposicio
481 807 714 855 personalis.
765 804 768 860 Ι
822 810 902 845 Nec
948 810 1080 846 obstat
1125 811 1290 846 eandem
1332 811 1515 859 proposi-

209 865 364 901 cionem
398 865 499 900 sumi
538 867 758 902 secundum
801 866 975 903 diversas
1015 876 1160 915 partes,
1200 877 1281 904 tam
1321 868 1360 904 in
1399 882 1515 905 sensu

208 922 433 970 composito
467 936 586 971 quam
621 923 758 960 diviso.

265 982 500 1028 Exemplum
545 983 718 1017 secunde
765 982 890 1029 partis
936 984 1069 1031 regule
1115 993 1171 1019 est
1216 985 1312 1020 tale:
1367 997 1515 1020 omnem

207 1039 394 1074 hominem
434 1051 514 1075 esse
553 1046 606 1075 est
651 1040 930 1086 necessarium5
973 1042 1229 1077 necessarimm
1276 1050 1329 1078 est
1373 1043 1517 1079 instans

207 1097 266 1132 vel
307 1097 463 1145 aliquod
509 1097 760 1146 corruptibile
802 1110 905 1141 6336,·
956 1107 1125 1147 utraque
1170 1099 1336 1135 istarum
1384 1109 1513 1148 potest

206 1153 309 1189 sumi
354 1154 393 1190 in
431 1167 549 1190 sensu
588 1155 814 1202 composito
855 1156 921 1204 qui
962 1165 1018 1193 est
1056 1170 1185 1203 verus,
1233 1166 1268 1194 et
1314 1157 1352 1193 in
1397 1170 1515 1194 sensu

207 1212 332 1247 diviso
378 1213 444 1260 qui
498 1221 555 1249 est
599 1213 732 1250 falsus,
787 1215 867 1250 Nec
920 1226 962 1250 ex
1016 1216 1090 1251 hoc
1137 1215 1283 1251 accidit
1335 1216 1514 1253 confusio

208 1270 492 1318 respondendi3
532 1270 639 1306 iuxta
679 1270 788 1318 prius
828 1271 933 1308 dicta
972 1285 1208 1321 quecunque
1248 1273 1336 1309 talis
1368 1287 1515 1322 propo-

206 1327 302 1364 sicio
348 1328 513 1364 concedi
556 1329 671 1364 debet
722 1329 968 1377 simpliciter,
1023 1343 1111 1366 cum
1158 1330 1341 1367 habuerit
1387 1345 1512 1367 unum

205 1385 441 1433 primarium
475 1398 631 1422 sensum
666 1399 815 1425 verum.
848 1389 896 1423 Et
920 1400 963 1424 ex
986 1389 1062 1425 hoc
1095 1397 1203 1437 patet
1233 1388 1328 1425 talia
1360 1389 1514 1437 sophis-

208 1452 313 1479 mata
337 1456 419 1480 esse
441 1456 552 1480 vera:
587 1445 800 1481 necessario
832 1446 978 1494 aliquid
1000 1454 1055 1482 est
1076 1447 1179 1495 quod
1205 1460 1276 1482 non
1299 1448 1513 1483 necessario

205 1509 279 1546 est‚·
329 1514 476 1538 omnem
529 1502 717 1538 hominem
770 1515 850 1539 esse
901 1511 956 1540 est
1006 1505 1230 1555 contingens
1280 1512 1315 1540 et
1365 1517 1512 1541 omnem

204 1560 391 1595 hominem
432 1572 511 1598 esse
543 1568 598 1596 est
636 1561 906 1607 necessarium,
952 1570 988 1598 et
1027 1570 1161 1598 tamen
1192 1563 1344 1598 nullum
1378 1575 1512 1599 neces-

203 1617 350 1654 sarium
394 1626 450 1654 est
498 1617 746 1666 contingens.
805 1620 983 1656 Mutatur
1035 1619 1139 1656 enim
1193 1620 1421 1668 supposicio
1473 1621 1513 1657 in

203 1675 367 1717 talibus;
397 1671 401 1728 Ι
431 1677 684 1712 necessarium
717 1683 772 1713 est
804 1677 991 1713 hominem
1025 1690 1105 1714 6336
1136 1687 1172 1714 θῖ
1204 1679 1428 1729 contingens
1459 1686 1513 1715 est

148 1746 152 1751 ’
203 1733 390 1769 hominem
430 1743 531 1780 6336;
573 1735 641 1770 sed
680 1747 760 1770 non
801 1735 1034 1783 contingens
1080 1745 1136 1772 est
1182 1736 1385 1772 hominem
1432 1750 1512 1773 non

204 1802 300 1833 esse,
325 1791 557 1839 accipiendo
581 1792 730 1828 dictum
755 1793 954 1841 negative;
984 1806 1056 1830 nec
1086 1794 1279 1842 contingit
1309 1794 1512 1831 hominem

204 1861 282 1885 non
321 1861 415 1885 esse.
462 1849 501 1886 Si
542 1849 645 1886 enim
687 1850 760 1887 iste
798 1850 1007 1898 terminus,
1056 1852 1292 1902 contingens,
1332 1861 1513 1888 sumatur

204 1906 461 1943 nominaliter
493 1907 727 1954 indeffinite,
762 1917 798 1944 et
829 1908 977 1945 dictum
1012 1910 1208 1957 negative,
1243 1919 1336 1946 tunc
1369 1911 1511 1946 falsum

205 1973 261 2000 est
294 1966 401 2013 quod
435 1966 659 2016 contingens
692 1974 746 2002 est
769 1967 957 2002 hominem
983 1980 1055 2003 non
1079 1980 1171 2011 esse,
1205 1968 1297 2016 quia
1322 1969 1510 2004 hominem

205 2035 276 2058 non
314 2035 394 2059 6336
434 2036 513 2059 non
553 2032 622 2070 est,
664 2036 751 2060 cum
794 2025 937 2060 nullum
979 2026 1165 2062 hominem
1206 2038 1277 2062 non
1316 2038 1396 2062 esse
1439 2036 1510 2064 θεῖ.

204 2082 284 2116 Nec
323 2083 517 2117 sumendo
556 2081 768 2118 modaliter
807 2091 863 2118 θεῖ
903 2083 1130 2131 proposicio
1170 2096 1275 2129 vera,
1315 2097 1404 2120 cum
1440 2084 1512 2120 im*

205 2138 393 2185 possibile
426 2139 475 2174 sit
509 2140 712 2176 hominem
747 2153 826 2176 non
859 2153 955 2177 esse.

273 2290 297 2309 2.
320 2283 471 2317 pretendit
491 2284 523 2310 Β.
632 2292 655 2317 2,
677 2284 701 2310 2'.
725 2285 895 2311 verificatur
917 2286 1095 2319 proposicio
1118 2287 1147 2312 ss.
1257 2287 1281 2314 5.
1312 2288 1412 2314 solum
1433 2296 1510 2315 voco

205 2325 329 2344 sensum
352 2317 485 2344 divisum
508 2318 538 2345 Β.
630 2321 658 2345 6.
680 2319 866 2353 singularem
890 2320 1138 2354 proposicionem
1162 2329 1217 2355 pro
1239 2330 1298 2356 qua
1319 2322 1357 2355 33
1379 2322 1417 2349 ih.
1440 2331 1510 2357 pro-

204 2363 323 2401 posicio
334 2363 418 2390 deest
432 2363 471 2393 B:
486 2364 523 2390 ib.
538 2365 743 2392 verificaretur
758 2365 789 2392 1)).
864 2373 888 2398 7.
905 2366 1012 2392 morlis
1027 2377 1059 2390 =
1074 2367 1210 2394 moralis'
1224 2367 1287 2394 ΑΒ.
1361 2377 1401 2395 10.
1418 2377 1511 2403 quam

205 2405 233 2424 ln
256 2406 347 2424 sensu
369 2398 401 2425 B.
509 2398 608 2431 13,1‚1.
640 2400 762 2434 aliquod
794 2400 914 2427 instans
944 2401 987 2427 x'cl
1010 2409 1070 2435 pro
1097 2401 1216 2429 instans
1247 2403 1290 2429 vel
1318 2403 1441 2438 aliquod
1473 2405 1510 2430 A.

206 2440 246 2465 ¹4-
262 2437 391 2467 utraque
411 2437 512 2460 autem
526 2434 557 2460 B.
634 2443 672 2467 17.
694 2435 764 2468 quia
786 2435 867 2461 iuxta
890 2435 921 2461 15.
1007 2443 1053 2462 20.
1075 2441 1120 2462 est
1141 2437 1185 2463 vel
1207 2437 1263 2464 erit
1283 2437 1315 2463 B.
1406 2445 1444 2464 21.
1467 2444 1511 2465 cst

204 2467 247 2493 vel
261 2467 385 2501 eritpro
401 2472 445 2494 est
458 2467 564 2504 before
579 2477 701 2496 omnem
719 2469 750 2495 Β.
825 2469 1059 2504 23.s11pposicio
1074 2471 1159 2497 deest
1168 2471 1199 2497 Β.
1272 2472 1510 2507 24.s11pposicio

204 2501 411 2528 necessarium
434 2502 464 2529 B.
572 2502 617 2530 28.
637 2503 753 2530 infinite
776 2504 806 2530 Β.
880 2512 926 2537 29.
950 2504 1105 2532 hominem
1126 2510 1172 2532 est
1193 2505 1298 2542 before
1318 2515 1378 2533 non
1395 2516 1460 2534 esse
1477 2508 1508 2533 b’.

277 2572 372 2604 1-5.
399 2574 546 2606 Sensum
574 2576 803 2616 compositum
828 2595 862 2599 —
885 2576 1048 2608 divisum.
1075 2577 1161 2608 This
1188 2579 1214 2609 is
1242 2585 1302 2609 not
1327 2579 1422 2620 quite
1452 2578 1509 2610 the

204 2619 303 2650 usual
330 2629 429 2650 sense
455 2620 488 2650 in
513 2620 627 2652 which
654 2621 711 2653 the
738 2623 935 2653 distinction
962 2624 989 2653 is
1016 2623 1117 2654 taken
1150 2624 1195 2666 by
1220 2623 1277 2655 the
1310 2624 1444 2656 school.
1483 2625 1511 2656 lt

204 2664 322 2696 would
354 2665 396 2696 be
422 2667 518 2706 used,
555 2677 587 2698 v.
614 2678 657 2709 g.,
684 2675 719 2698 to
753 2668 891 2699 confute
923 2668 980 2700 the
1012 2668 1195 2712 following
1226 2670 1398 2711 sophism:
1442 2672 1510 2709 Qui

205 2720 296 2741 nunc
322 2715 374 2742 est
400 2717 560 2744 mortuus
587 2714 662 2746 heri
689 2715 796 2751 vixit:
823 2715 921 2756 atqui
941 2716 1127 2757 Pompeius
1145 2727 1235 2748 nunc
1252 2722 1302 2748 est
1330 2721 1508 2749 mortuus:

204 2765 298 2797 ergo,
325 2758 400 2789 heri
425 2758 528 2789 vixit.
565 2759 641 2790 The
668 2761 891 2791 Dominicans
918 2762 1018 2792 made
1044 2768 1139 2803 great
1164 2773 1225 2794 use
1251 2762 1290 2793 of
1314 2763 1337 2793 it
1363 2763 1396 2793 in
1422 2762 1510 2794 their

206 2808 428 2845 controversy
462 2805 594 2845 against
625 2805 682 2836 the
712 2807 849 2845 ,lesuits‚
883 2817 928 2837 on
960 2807 1016 2838 the
1043 2809 1203 2849 question
1237 2808 1277 2839 of
1304 2818 1403 2849 grace
1442 2810 1507 2840 and

206 2847 379 2879 free-will.

1332 2920 1363 2941 11

1729 238 1796 272 161

1532 356 1597 383 'l‘hc
1617 359 1794 392 coniponnd

1561 400 1649 418 sense
1669 393 1694 419 is
1715 394 1779 420 that

1533 425 1631 452 which
1651 427 1675 453 is
1694 432 1759 454 true
1774 433 1802 455 oi

1567 461 1615 487 the
1635 462 1720 497 thing
1742 463 1769 489 in

1539 497 1671 529 general.
1693 502 1744 523 not
1765 498 1797 523 of

1539 531 1590 557 the
1610 530 1795 566 individua13

1574 565 1625 592 the
1646 565 1766 593 divided

1567 607 1655 626 sense
1675 600 1700 627 is
1721 601 1770 628 the

1589 639 1744 671 contrary.

1559 992 1724 1028 Examples
1745 996 1780 1023 of

1540 1028 1589 1054 the
1611 1029 1656 1053 2¹²d
1675 1034 1742 1063 part
1762 1031 1796 1057 of

1592 1063 1640 1089 the
1662 1064 1741 1090 sule:

1561 1098 1773 1131 propositions

1611 1140 1666 1159 can
1688 1133 1723 1160 be

1570 1167 1757 1195 understood

1537 1201 1608 1227 both
1630 1211 1723 1238 ways,
1745 1204 1802 1231 and

1541 1243 1591 1262 are
1611 1237 1707 1264 either
1727 1242 1791 1265 true

1558 1279 1593 1297 01·
1614 1270 1704 1305 salsc;
1727 1273 1778 1299 but

1548 1306 1710 1333 whencver
1729 1316 1786 1334 one

1599 1341 1735 1377 primary

1552 1382 1640 1402 sense
1661 1375 1686 1402 is
1707 1381 1782 1407 true,

1573 1409 1657 1436 there
1678 1410 1703 1438 is
1724 1419 1762 1438 no

1538 1443 1685 1480 difficulty
1704 1446 1797 1473 about

1546 1480 1687 1515 granting
1708 1481 1791 1507 them

1609 1514 1733 1550 simply.

1587 1549 1642 1583 As,
1665 1558 1692 1575 v,
1713 1558 1741 1584 g.

1568 1583 1763 1620 Necessaritr

1544 1618 1721 1655 something
1740 1620 1776 1653 is,

1591 1653 1687 1680 which
1708 1654 1734 1680 is

1534 1691 1589 1715 not
1606 1689 1795 1725 necessarily

1562 1727 1617 1750 etc.
1639 1723 1665 1749 is
1685 1728 1766 1757 true3

1606 1757 1654 1784 for
1675 1758 1724 1784 the

1540 1792 1736 1827 supposition
1758 1793 1793 1820 of

1528 1827 1578 1853 the
1589 1827 1694 1854 words
1709 1827 1734 1854 is
1749 1832 1802 1855 not

1580 1861 1630 1888 the
1651 1870 1744 1889 same.

1576 1895 1646 1923 Man
1668 1901 1752 1924 must

1572 1931 1650 1957 exist
1669 1939 1702 1958 as
1723 1939 1759 1958 an

1556 1973 1695 2000 essence;
1717 1966 1771 1993 but

1570 2000 1653 2027 there
1672 2000 1698 2027 is
1720 2009 1759 2027 no

1554 2035 1706 2071 necessity
1725 2036 1773 2062 for

1538 2077 1597 2105 any
1618 2070 1786 2109 individual

1551 2112 1620 2131 man
1641 2109 1671 2131 to
1691 2109 1778 2132 exust.
