1969 3192
702 776 1045 824 CAPITULUM
1082 775 1411 824 SECUNDUM.

105 904 368 943 ‘Universai‘nhas
453 895 531 929 lam
551 901 844 940 consequenter
860 891 1076 928 dicendum
1097 900 1153 928 est
1178 893 1224 928 de
1242 891 1543 939 universalibus,
1563 906 1711 941 suppo—

103 940 378 1009 Ῐὲῖζέξΐὲζξέᾞζῧῖ(
395 952 528 987 nendo
557 950 689 999 primo
718 951 826 999 quod
859 949 1070 998 tripliciter
1099 949 1245 986 dicitur
1270 950 1509 987 universale:
1536 951 1710 998 primum

120 1017 363 1072 comcssli1sr101ie'ates
396 1018 453 1046 est
469 1008 690 1046 universale
707 1008 944 1047 causacione.
966 1017 1008 1044 ut
1031 1009 1151 1055 Deus,
1168 1009 1239 1055 sol,
1262 1009 1350 1044 luna
1372 1017 1466 1055 etc.;
1489 1011 1710 1045 secundum

169 1080 259 1113 itself,
281 1087 317 1106 or
396 1076 453 1104 est
469 1067 692 1104 universale
708 1066 1070 1114 commmzicacione‚
1086 1075 1128 1103 ut
1148 1074 1288 1103 natura
1304 1068 1484 1114 humana,
1499 1067 1579 1104 sive
1594 1080 1712 1119 ange-
1730 1069 1745 1100 5

158 1118 334 1186 rggyrtefiielpts
395 1127 482 1163 lica.
516 1134 609 1171 etc.;
644 1134 681 1162 et
714 1125 902 1162 dicuntur
934 1124 1173 1162 universalia
1199 1125 1585 1171 communicacione‚
1619 1125 1713 1174 quia

145 1158 341 1220 universaliiy.
394 1193 487 1221 sunt
510 1184 752 1221 universales
775 1193 931 1229 nature,
957 1183 1252 1220 communicate
1275 1183 1458 1232 pluribus
1481 1184 1712 1232 suppositis.

395 1244 443 1278 Et
470 1241 525 1279 sic
558 1251 703 1279 natura
728 1243 904 1278 humana
929 1241 1254 1279 communicatur
1278 1241 1465 1278 omnibus
1498 1242 1713 1279 individuis

393 1300 539 1349 speciei
574 1301 762 1347 humane,
796 1300 891 1349 quia
924 1300 1024 1337 inest
1057 1299 1167 1336 omni
1196 1299 1349 1336 homini
1374 1301 1481 1348 quod
1505 1300 1554 1336 sit
1578 1302 1712 1337 homo.

394 1359 441 1395 Et
474 1359 545 1395 hec
578 1367 723 1395 natura
756 1358 935 1407 angelica
970 1358 1295 1395 communicatur
1328 1358 1516 1395 omnibus
1550 1359 1712 1407 angelis,
1736 1370 1773 1391 10

394 1416 489 1465 quia
522 1416 623 1453 inest
657 1417 818 1453 cuilibet
853 1418 995 1465 angelo
1029 1418 1137 1465 quod
1171 1416 1442 1454 essencialiter
1464 1416 1513 1453 sit
1537 1418 1713 1465 angelus.

391 1474 580 1512 Tercium
616 1484 672 1511 est
696 1475 921 1512 universale
945 1475 1298 1525 representacz‘one’f,
1324 1475 1425 1511 sicut
1449 1475 1512 1511 isti
1539 1475 1713 1517 termini,

394 1535 520 1577 homo,
543 1534 701 1581 animal,
726 1534 837 1583 Iapis,
860 1533 940 1570 sive
973 1533 1051 1570 sint
1080 1533 1241 1570 termini
1265 1533 1416 1581 scripti,
1451 1533 1531 1570 sive
1555 1533 1715 1570 termini

394 1592 563 1635 vocales,
598 1591 678 1629 sive
712 1591 959 1628 intenciones
984 1591 1024 1627 in
1047 1591 1181 1628 anima
1208 1604 1298 1628 cum
1322 1591 1398 1628 illis
1423 1591 1713 1628 convertibiles.

395 1652 442 1686 Et
467 1650 654 1686 dicuntur
676 1649 917 1686 universalia
941 1649 1303 1698 representacione‚
1329 1649 1423 1698 quia
1439 1649 1716 1698 principaliter
1736 1651 1771 1683 15

395 1717 671 1757 representant
701 1707 943 1745 universalia
975 1721 997 1745 a
1029 1717 1142 1756 parte
1172 1708 1241 1757 rei,
1275 1708 1377 1745 sicut
1401 1708 1474 1744 iste
1504 1708 1712 1755 terminus,

396 1768 522 1813 homo,
575 1775 822 1814 representat
866 1766 1144 1814 principaliter
1188 1767 1248 1803 vel
1293 1766 1483 1815 primarie
1527 1775 1713 1803 naturam

396 1825 628 1871 humanam,
675 1837 752 1873 que
795 1833 940 1861 natura
984 1834 1041 1861 est
1080 1824 1232 1873 species
1265 1824 1498 1862 universalis
1531 1824 1713 1861 omnium

396 1882 622 1930 hominum,
657 1892 694 1919 et
726 1883 950 1920 universale
984 1896 1005 1920 a
1038 1892 1151 1931 parte
1185 1882 1261 1929 rei;
1303 1892 1339 1919 et
1373 1883 1427 1920 sic
1461 1882 1592 1919 omnis
1626 1882 1714 1920 talis

396 1941 594 1978 terminus
629 1950 685 1977 est
718 1941 875 1989 signum
912 1950 948 1978 et
978 1941 1254 1989 principaliter
1277 1941 1476 1989 signatum
1503 1954 1573 1990 per
1595 1941 1714 1978 istum
1733 1952 1774 1973 20

130 2011 205 2050 Five
227 2015 307 2038 sorts
326 2011 362 2050 pf
396 1999 615 2037 terminum
651 1999 937 2048 significatum.

132 2046 304 2073 umversals
325 2055 354 2073 ¹¹¹
455 2059 532 2094 Sed
566 2059 789 2094 notandum
816 2066 873 2094 est
896 2058 1003 2106 quod
1028 2057 1207 2106 quinque
1231 2066 1320 2094 sunt
1345 2057 1584 2094 universalia
1608 2070 1716 2094 com-

124 2081 174 2108 the
194 2081 252 2108 last
289 2089 361 2108 ense

130 2090 366 2185 ςςζῗέῐῑξὲἑῖῗέῑ
399 2115 690 2163 municacione,
715 2115 884 2153 scilicet:
912 2129 1048 2167 genus,
1072 2116 1228 2165 species,
1252 2116 1487 2165 dfflerencia,
1506 2116 1714 2165 proprium

135 2185 200 2212 that
219 2171 356 2225 ari'sxxjerg
398 2183 434 2210 et
467 2175 656 2211 accidens.
696 2175 826 2211 Genus
858 2183 914 2210 est
949 2174 1172 2210 universale
1195 2175 1230 2210 in
1254 2174 1356 2222 quid,
1390 2173 1635 2222 predicabile
1668 2175 1715 2210 de

114 2220 383 2292 ἱῦῗὲῑᾎῑξὲᾗῐὲξὲᾞ
400 2232 534 2269 multis
565 2232 605 2268 in
639 2232 733 2281 quid
766 2233 940 2282 specifice
962 2232 1169 2273 distinctis,-
1201 2241 1255 2278 ut,
1291 2233 1365 2268 hoc
1386 2245 1522 2282 genus.
1553 2232 1714 2277 animal,
1733 2233 1772 2265 25

183 2291 309 2340 distinct
398 2290 628 2339 predicatur
651 2291 686 2327 in
713 2291 815 2339 qnid,
844 2292 891 2327 de
925 2290 1098 2336 homine,
1133 2292 1180 2327 de
1213 2302 1317 2339 equo
1345 2299 1382 2326 et
1405 2291 1539 2334 leone3
1574 2299 1610 2326 et
1640 2289 1715 2326 ista

184 2335 313 2363 spemes,
397 2348 474 2385 tria
507 2348 698 2385 animalia
731 2358 822 2385 sunt
846 2349 1019 2399 specifice
1042 2348 1231 2385 distincta.
1269 2351 1316 2384 Et
1340 2347 1484 2384 dicitur
1508 2348 1657 2384 animal
1680 2349 1715 2384 in

398 2407 488 2456 quid
505 2407 703 2454 predicari
727 2409 774 2443 de
799 2407 959 2444 homine
983 2416 1019 2444 et
1042 2408 1168 2453 leone,
1194 2406 1286 2455 quia
1310 2408 1385 2443 hoc
1404 2419 1539 2454 genus,
1559 2407 1715 2444 animal,

399 2473 457 2501 est
500 2477 591 2513 pars
635 2464 900 2513 quidditativa
938 2465 1050 2502 istius
1093 2464 1252 2513 speciei,
1292 2465 1419 2514 homo,
1459 2472 1495 2500 et
1533 2463 1716 2500 similiter

400 2522 511 2559 istius
544 2522 691 2570 speciei
714 2523 792 2568 [ρος
825 2532 861 2559 et
894 2523 947 2560 sic
982 2525 1029 2560 de
1063 2523 1203 2560 ceteris
1226 2522 1433 2571 speciebus
1457 2521 1774 2568 animalium3'30

399 2593 491 2617 nam
531 2582 736 2629 querendo
775 2581 1024 2629 questionem
1070 2582 1117 2618 de
1162 2580 1387 2629 quidditate
1426 2580 1613 2619 hominis.
1660 2580 1715 2616 sic

401 2638 590 2675 dicendo:
624 2639 715 2687 quid
738 2648 794 2675 est
824 2640 969 2675 homo?
1003 2652 1248 2687 consequens
1272 2638 1478 2686 responsio
1503 2647 1559 2674 est
1585 2638 1716 2674 dicere

400 2698 507 2745 quod
540 2697 588 2733 sit
620 2696 787 2733 animal:
822 2720 877 2723 —
909 2698 1000 2746 quid
1033 2706 1089 2734 est
1121 2698 1209 2734 leo?
1240 2719 1297 2724 ——
1329 2696 1490 2742 animal,
1526 2705 1598 2732 etc.

471 2827 490 2846 ι.
517 2827 585 2854 cap.
610 2820 701 2846 deest.
775 2827 799 2846 2.
821 2819 926 2846 Initia!
944 2820 955 2846 1
976 2820 1005 2846 in
1034 2820 1089 2847 reti
1107 2820 1160 2847 mk
1179 2819 1244 2846 and
1254 2819 1417 2847 Tractatus
1433 2819 1470 2846 cle
1491 2819 1716 2846 universalibus

401 2862 430 2880 m
452 2861 554 2889 nmrg.
627 2856 653 2880 N.
677 2854 844 2881 individuis
866 2870 897 2873 —
919 2855 1043 2889 angelus
1063 2855 1173 2881 hollam
1194 2854 1340 2890 Qs'page.
