1969 3192
723 803 1046 852 PROEMIUM.

158 935 187 962 1²¹
278 924 442 980 {Motus
487 942 572 966 sum
614 942 682 978 per
723 932 918 979 quosdam
958 931 1053 979 legis
1093 931 1154 968 dei
1195 932 1347 968 amicos
1387 941 1538 969 certum
1579 937 1657 965 This
1679 940 1810 978 wolrkis

223 994 438 1022 tractatum
473 988 522 1023 ad
555 988 837 1025 declarandam
871 989 1041 1037 logicam
1076 1002 1187 1026 sacre
1212 990 1408 1038 scripture
1432 1003 1540 1027 com-
1586 973 1802 1044 tplzllioffiipt

223 1043 361 1091 pilare.
401 1047 501 1081 Nam
535 1046 670 1082 videns
705 1048 847 1083 multos
881 1049 930 1083 ad
964 1047 1136 1095 logicam
1172 1056 1437 1095 transeuntes,
1472 1049 1537 1097 qui

191 1107 206 1138 5
226 1114 295 1149 per
326 1102 435 1139 illam
460 1114 758 1151 proposuerant
791 1106 917 1153 legem
953 1105 1013 1142 dei
1050 1105 1191 1142 melius
1225 1106 1469 1154 cognovisse,
1505 1116 1541 1143 et

222 1169 384 1207 propter
422 1160 637 1209 insipidam
678 1163 941 1199 terminorum
985 1163 1216 1200 mixtionem
1258 1163 1465 1212 gentilium
1500 1164 1539 1200 in

221 1218 330 1253 omni
356 1219 600 1266 probacione
624 1220 951 1268 proposicionum
972 1231 1136 1269 propter
1151 1221 1390 1259 vacuitatem
1408 1222 1540 1270 operis

222 1287 310 1311 eam
345 1277 586 1323 deserentes,
620 1291 803 1326 propono
838 1280 887 1315 ad
923 1280 1149 1315 acuendum
1182 1289 1332 1316 mentes
1363 1279 1539 1316 fidelium

222 1345 370 1380 ponere
405 1334 668 1382 probaciones
708 1336 1036 1384 proposicionum
1072 1349 1148 1385 que
1188 1338 1333 1374 debent
1369 1337 1457 1374 elici
1492 1350 1535 1374 ex

170 1405 207 1426 10
221 1390 440 1439 scripturis.
494 1395 541 1429 Et
586 1393 730 1441 primo,
785 1407 874 1430 cum
927 1403 1010 1431 tota
1060 1395 1234 1431 variacio
1279 1395 1534 1444 probacionis
1609 1401 1768 1442 Division:

221 1449 548 1496 proposicionum
594 1452 737 1488 habeat
780 1461 912 1488 ortum
958 1465 1001 1489 ex
1045 1452 1238 1499 terminis,
1284 1453 1531 1490 diversorum
1549 1436 1828 1507 tsigirsssrrcsszrilssss

220 1507 481 1544 terminorum
516 1509 779 1557 proprietates
813 1519 849 1546 et
878 1510 1083 1558 passiones
1112 1510 1276 1547 intendo
1308 1512 1531 1558 declarare3
1555 1505 1819 1576 aipducffiitlzgfrziless·

220 1564 309 1600 dein
344 1567 392 1601 ad
426 1566 766 1604 universalitatem
800 1576 837 1604 et
870 1567 1196 1616 praedicamenta
1228 1569 1459 1617 respiciam3
1493 1578 1530 1605 et
1572 1577 1597 1609 c)
1620 1564 1819 1611 reasoning;'

219 1622 309 1658 dein
347 1625 580 1669 summulas,
613 1625 927 1673 supposiciones,
962 1626 1275 1675 consequencias
1309 1636 1346 1663 et
1378 1627 1528 1675 obliga·
1559 1610 1588 1644 d)
1611 1610 1803 1645 knowledge.

166 1683 202 1715 15
219 1680 320 1716 toria
344 1693 605 1730 componamg
630 1692 666 1719 et
689 1684 850 1720 demum
875 1685 924 1720 ad
949 1684 1157 1720 materiam
1184 1686 1231 1720 de
1249 1685 1349 1721 scire
1368 1694 1530 1733 propter

219 1737 336 1773 tinem
396 1748 433 1775 et
480 1740 769 1787 perfeccionem
824 1742 953 1778 tocius
1004 1742 1135 1790 operis
1188 1742 1413 1791 specialiter
1468 1755 1530 1778 me

220 1805 464 1835 convertam.

290 1949 310 1968 1.
331 1941 453 1969 Titulus
474 1945 501 1969 el
522 1943 695 1970 Proemium
717 1943 835 1970 desunt.
908 1951 933 1971 2.
950 1945 1048 1971 Snzall
1068 1944 1204 1980 Vignelte
1222 1945 1277 1978 for
1297 1945 1404 1972 Inz'tial
1418 1945 1458 1972 M.

296 2023 321 2044 1.
347 2013 423 2044 The
445 2020 513 2045 text
533 2015 560 2045 is
579 2014 650 2045 that
670 2015 710 2045 of
725 2015 812 2046 Coti.
828 2016 930 2047 Vind.
946 2016 1046 2056 4523,
1066 2016 1315 2058 subsequently
1334 2017 1475 2048 lettered
1493 2019 1532 2048 A.

221 2058 297 2089 The
325 2060 395 2090 MS.
423 2060 525 2101 being
553 2061 681 2102 unique
714 2071 750 2091 as
778 2062 827 2092 far
853 2072 889 2092 as
917 2063 1071 2104 Logicae
1100 2064 1342 2101 Continuatio,
1375 2063 1470 2094 there
1503 2065 1530 2094 is

222 2115 267 2135 no
296 2106 382 2136 need
410 2113 444 2136 to
472 2107 619 2138 indicate
647 2108 669 2137 it
697 2107 739 2149 by
767 2118 784 2138 a
810 2108 910 2139 letter
938 2108 1030 2139 here.
