1969 3192
535 829 752 877 CAPITU
765 828 884 875 LUM
920 825 1506 874 DECIMUMQUARTUM.

197 958 293 998 What
454 945 645 995 Sequitur
690 947 737 982 de
782 944 964 981 terminis
1009 943 1229 987 exclusivis,
1277 951 1313 978 et
1357 940 1710 989 proposicionibus

105 998 381 1056 progssgsltssgaeare
398 1005 559 1042 racione
585 1006 817 1041 eorumdem
848 1001 1057 1051 expositis;
1092 1010 1128 1037 et
1161 1010 1251 1037 sunt
1276 1000 1478 1036 diceiones
1503 999 1710 1043 exclusive,

113 1062 382 1126 Assefgissntfffebe
398 1073 441 1100 ut
474 1071 635 1102 tantum,
669 1063 808 1106 solum,
841 1062 1097 1102 solummodo,
1127 1060 1293 1109 precise,
1326 1067 1362 1094 et
1397 1059 1437 1094 in
1470 1057 1710 1094 consimiles.

142 1108 226 1170 ξιῗιιςε
247 1106 348 1172 gfithe
399 1124 475 1159 Sed
510 1122 733 1158 notandum
780 1121 887 1168 quod
936 1119 1070 1166 aliqua
1116 1128 1172 1154 est
1218 1117 1415 1153 exclusiva
1456 1116 1711 1160 affirmativa,

149 1169 347 1239 βξζξιὲῖξῖνξῃ
399 1190 435 1217 et
468 1181 601 1228 aliqua
636 1179 835 1215 exclusiva
869 1178 1066 1225 negativa.
1115 1176 1325 1212 Exclusiva
1370 1173 1610 1211 affirmativa
1656 1182 1713 1209 est

108 1239 209 1301 whigg
230 1238 383 1300 Elkedzessse
398 1239 508 1275 talis:
544 1246 691 1273 tantum
718 1238 831 1272 homo
864 1243 919 1272 est
952 1235 1122 1280 risibilis,
1155 1235 1214 1271 vel
1246 1234 1370 1270 solum
1404 1234 1512 1269 Deus
1544 1240 1599 1268 est
1632 1244 1711 1267 om-

212 1282 229 1308 Ρ
315 1293 321 1299 ’
398 1298 584 1347 m'potens.
620 1295 825 1332 Exclusive
858 1294 1039 1341 negative
1079 1302 1170 1329 sunt
1203 1293 1321 1329 tales:
1360 1292 1484 1327 solum
1520 1291 1626 1326 Deus
1659 1297 1715 1325 est

399 1368 471 1391 non
499 1367 601 1404 pure
633 1362 830 1397 creatura,
862 1353 987 1389 solum
1021 1353 1134 1388 homo
1167 1364 1239 1387 non
1272 1358 1327 1386 est
1350 1350 1458 1385 aliud
1480 1350 1526 1385 ab
1551 1348 1712 1384 homine.

398 1416 467 1450 Est
501 1422 638 1449 tamen
671 1425 761 1448 cum
787 1411 1001 1459 diligencia
1023 1411 1317 1447 observandum
1343 1409 1451 1456 quod
1475 1418 1714 1455 quecunque

399 1471 595 1508 exclusiva
628 1470 790 1507 racione
823 1469 983 1506 termini
1017 1467 1203 1505 exclusivi
1237 1467 1471 1515 exponenda
1505 1466 1621 1501 debet
1655 1476 1716 1500 ex-

399 1530 494 1578 poni
540 1530 761 1565 secundum
815 1528 1059 1576 exigenciam
1105 1526 1258 1562 ordinis
1303 1524 1462 1561 termini
1516 1522 1715 1559 exclusivi.

400 1590 515 1625 Unde
548 1588 622 1623 ista
653 1588 770 1623 debet
798 1586 913 1623 aliter
946 1585 1106 1633 exponi:
1147 1585 1260 1620 homo
1293 1591 1439 1619 nmium
1474 1590 1528 1618 est
1560 1581 1716 1624 animal,

402 1656 438 1683 et
472 1646 586 1682 aliter
619 1645 711 1681 ista:
745 1652 891 1680 tantum
926 1646 1039 1680 homo
1072 1650 1128 1679 est
1159 1643 1314 1678 animal.

182 1715 261 1743 How
282 1720 312 1742 to
462 1705 589 1747 Unde,
623 1703 864 1751 generaliter
896 1703 1114 1750 loquendo,
1149 1701 1321 1748 quedam
1347 1699 1543 1735 exclusiva
1576 1699 1615 1734 in
1640 1711 1719 1746 qua

147 1750 349 1814 efficgfilnsciivzgn
405 1762 599 1799 terminus
634 1762 853 1798 exclusivus
887 1769 992 1797 tenet
1026 1760 1201 1808 primum
1226 1759 1410 1795 ordinem
1436 1757 1577 1805 exponi
1603 1758 1719 1793 debet

161 1820 355 1884 ssgfisfflffiigff.
408 1833 477 1869 per
522 1821 605 1856 eius
635 1817 638 1870 Ι
669 1820 939 1868 preiacentem
980 1827 1017 1854 et
1050 1817 1316 1854 universalem
1364 1818 1411 1852 de
1457 1815 1638 1852 subiecto
1682 1823 1719 1851 et

113 1865 601 1931 mffisfontyfi&aqualitate
634 1878 831 1926 oppositis
879 1877 1059 1913 subiecto
1104 1885 1140 1912 et
1187 1875 1378 1923 qualitate
1422 1873 1720 1922 proposicionis

114 1924 382 1995 Γίξᾚῗὲζζὲἓὲο
406 1937 668 1986 preiacenti33
714 1945 755 1972 ut
789 1936 876 1979 ista,
911 1943 1057 1971 tantum
1092 1935 1204 1970 homo
1239 1934 1377 1976 currit,
1422 1934 1538 1969 debet
1571 1931 1626 1968 sic
1660 1944 1721 1967 ex-

141 1995 380 2065 poiuigrfftfh
405 1995 520 2044 poni:
556 1996 668 2030 homo
713 1995 839 2030 currit
884 2002 920 2030 et
966 2006 1038 2029 mm
1071 1993 1172 2041 quod
1217 2004 1288 2027 non
1336 1999 1391 2027 est
1425 1992 1537 2027 homo
1576 1990 1720 2026 currit:

117 2054 122 2059 '
165 2052 171 2058 '
385 2050 512 2101 ergo.
547 2061 693 2088 tantum
740 2054 853 2088 homo
900 2052 1037 2088 currit.
1079 2050 1272 2086 Similiter
1319 2050 1411 2085 ista:
1456 2050 1580 2085 solum
1621 2049 1722 2086 Deus

406 2120 460 2148 est
495 2112 747 2161 omnnpotens.
793 2112 909 2146 debet
953 2109 1009 2146 sic
1044 2108 1205 2157 exponi:
1254 2105 1365 2145 Deus
1396 2115 1452 2143 est
1484 2107 1722 2155 omnipotens

407 2179 443 2207 et
477 2182 549 2206 non
583 2170 685 2218 quod
717 2182 788 2205 non
822 2176 877 2205 est
906 2169 1013 2203 Deus
1036 2175 1090 2203 est
1113 2167 1369 2215 onznz'potensg
1405 2178 1498 2212 ergo
1532 2173 1605 2200 etc.
1632 2166 1722 2199 Pre—

407 2229 540 2265 iacens
574 2227 768 2264 exclusive
802 2235 859 2262 est
893 2226 990 2262 illud
1018 2226 1123 2273 quod
1154 2233 1347 2270 remanet,
1382 2224 1516 2259 demta
1540 2222 1722 2258 diceione

408 2286 622 2330 exclusiva;
657 2294 712 2329 ut,
747 2284 778 2321 si
812 2286 861 2321 ab
894 2284 969 2320 ista
1002 2282 1211 2327 exclusiva,
1246 2289 1392 2318 tantum
1416 2282 1522 2317 Deus
1555 2288 1610 2316 est
1642 2292 1720 2315 om-

409 2345 594 2393 nipotens.
640 2345 827 2380 dematur
861 2341 990 2378 diccio
1024 2341 1234 2386 exclusiva,
1281 2349 1376 2376 tunc
1409 2347 1588 2375 remanet
1634 2338 1723 2374 talis

409 2401 663 2450 proposicio:
699 2402 804 2437 Deus
825 2408 880 2436 est
900 2401 1150 2449 omnipotens,
1183 2411 1258 2447 que
1292 2407 1348 2434 est
1366 2397 1571 2445 preiacens
1595 2396 1722 2432 tocius

410 2460 621 2501 exclusive:
657 2469 693 2495 et
726 2460 900 2495 secunda
933 2470 1132 2506 exponens
1178 2458 1295 2493 habet
1341 2456 1459 2491 istum
1507 2454 1721 2491 terminum

410 2518 626 2557 infinitum.
661 2518 762 2566 quod
795 2530 866 2553 non
900 2524 955 2552 est
988 2517 1114 2563 homo,
1149 2528 1219 2563 pro
1253 2527 1324 2550 suo
1357 2513 1555 2560 subiect03
1590 2522 1627 2548 et
1660 2512 1723 2548 ille

411 2576 631 2624 opponitur
672 2575 762 2612 huic
802 2574 974 2611 termino
1013 2575 1138 2611 homo,
1184 2572 1250 2621 qui
1285 2571 1479 2608 subicitur
1516 2571 1557 2606 in
1596 2570 1724 2618 preia-

413 2643 544 2681 cente3
592 2643 628 2670 et
660 2633 806 2669 virtute
840 2631 1070 2680 negacionis
1104 2629 1355 2679 precedentis
1395 2638 1453 2666 est
1492 2627 1724 2677 proposicio

412 2692 608 2741 negativa,
643 2704 733 2728 cum
767 2691 974 2739 preiacens
1007 2689 1057 2726 sit
1090 2688 1344 2730 affirmativa.

486 2916 505 2935 1.
527 2908 604 2941 Cap.
625 2908 717 2934 deest.
792 2914 816 2933 2.
840 2906 946 2933 Initia!
965 2905 985 2933 S
1008 2906 1037 2932 in
1060 2905 1114 2932 red
1135 2905 1196 2931 z'nls.

1734 1416 1772 1438 10

1740 2280 1780 2312 25

1742 2570 1783 2603 30
