1969 3192
137 245 210 279 194

179 1635 199 1662 11
222 1634 370 1669 anytliing

188 1670 304 1703 begins,
326 1669 363 1695 its

146 1704 311 1739 beginning
332 1704 396 1730 also

144 1741 262 1774 begins,
284 1738 367 1766 since
388 1739 407 1766 it

168 1779 280 1801 cannot
301 1778 379 1801 ex1st

161 1810 190 1836 in
212 1810 299 1842 time3
321 1809 345 1836 is
363 1809 383 1836 it

156 1846 244 1878 ends,
265 1844 303 1871 its
325 1844 383 1870 end

186 1880 251 1906 also
272 1879 358 1906 ends.

138 2224 164 2251 Π
181 2233 224 2250 we
245 2223 378 2257 imagine
400 2231 414 2248 a

143 2267 266 2294 person,
290 2258 416 2291 nimina

161 2298 190 2320 to
211 2294 269 2320 :ind
292 2295 339 2320 iro
360 2293 388 2319 in

139 2337 240 2364 space,
262 2329 344 2354 there
356 2328 415 2355 will

192 2364 226 2390 be
247 2372 262 2389 a
285 2364 369 2398 point

139 2399 240 2425 wilere
256 2399 292 2425 lie
312 2406 417 2424 eomes

150 2438 179 2459 to
201 2442 215 2459 a
238 2438 317 2468 stop,
340 2433 398 2459 :ind

151 2469 213 2495 nint
236 2469 321 2503 point
345 2468 404 2494 will

156 2504 190 2529 bc
211 2508 237 2529 at
259 2511 334 2529 once
356 2504 405 2529 liic·

155 2539 320 2571 beginning
341 2538 398 2564 and

189 2574 237 2599 llie
258 2573 315 2599 end
339 2574 372 2599 ot

153 2612 327 2634 movenient
349 2608 406 2634 and

218 2646 246 2668 ol
271 2647 340 2669 rest.

859 237 1084 270 JOHANNIS
1112 237 1298 268 WYCLIF
1539 233 1628 261 CAP.
1651 232 1731 260 XIV.

420 355 574 382 motum
608 358 723 382 suum
759 345 1014 389 uniformem,
1048 343 1355 392 pertransiendo
1389 351 1515 378 totum
1551 341 1732 390 spacium

420 404 459 439 im
494 405 593 440 hora
626 405 843 452 adequate;
891 411 928 439 et
973 402 1028 438 sic
1076 414 1224 437 nomen
1259 413 1474 437 commune
1512 401 1562 436 ad
1596 412 1734 448 quem-

421 462 516 498 libet
560 470 753 509 punctum
801 460 909 509 paris
943 459 1068 508 partis
1113 459 1218 495 illius
1260 458 1466 505 diceionis,
1499 458 1559 495 vel
1592 466 1734 506 quarte

421 520 675 568 pertransite,
724 519 967 556 terminante
1015 519 1064 554 ad
1100 517 1273 554 medium
1322 525 1518 564 punctum
1552 516 1619 552 ubi
1653 516 1732 552 iam

422 587 479 614 est
510 580 555 624 A,
590 587 686 614 tunc
718 577 877 614 videtur
910 576 1016 612 iuxta
1041 584 1310 624 preponentes
1334 573 1598 623 megaeionem
1624 574 1733 622 quod
1752 578 1767 609 5

420 638 452 672 A
485 645 566 673 tam
616 635 760 673 desinit
804 645 967 682 tangere
1014 636 1043 669 B
1088 647 1209 682 quam
1260 634 1301 680 C,
1349 645 1439 669 cum
1486 641 1621 669 tamen
1665 644 1735 680 per

422 704 608 743 quartam
642 696 783 731 horam
818 694 1099 742 precedentem
1134 691 1263 739 tetigit
1295 700 1379 727 tam
1412 693 1441 727 Β
1475 703 1594 739 quam
1631 692 1674 736 C,
1700 698 1736 726 et

422 766 528 790 numc
561 753 701 800 tangit,
737 762 773 789 et
807 751 1026 788 immediate
1071 759 1160 799 post
1194 751 1270 786 hoc
1303 758 1458 797 tanget:
1504 750 1573 785 sed
1613 748 1737 784 imme-

422 811 529 848 diate
553 820 643 859 post
673 812 748 847 hoc
780 824 862 847 mon
894 818 1030 858 tanget
1062 811 1104 854 B,
1140 817 1177 845 et
1200 808 1419 844 immediate
1443 816 1534 855 post
1557 807 1633 843 hoc
1656 819 1737 842 non

422 879 559 918 tanget
593 871 641 917 C,
677 878 714 905 et
747 869 853 905 iuxta
888 876 1157 916 preponentes
1191 865 1453 915 negacionem
1486 878 1568 902 non
1592 863 1737 900 desinit
1758 879 1795 899 10

422 938 584 976 tangere
618 930 659 975 B,
696 940 770 964 nec
804 925 947 964 desinit
980 935 1146 974 tangere
1180 926 1223 972 C,
1259 937 1349 961 cum
1383 923 1458 960 ista
1491 922 1736 971 proposicio‚

423 990 453 1022 A
487 986 613 1037 tangit
646 987 692 1032 B,
738 985 788 1022 sit
839 997 944 1021 nunc
988 997 1101 1030 vera,
1148 992 1185 1020 et
1217 992 1356 1019 tamen
1395 981 1614 1018 immediate
1647 989 1737 1029 post

423 1045 497 1081 erit
529 1056 636 1081 vera.
671 1046 775 1089 Ideo,
812 1043 952 1080 ceteris
986 1041 1162 1091 paribus,
1196 1041 1236 1077 in
1269 1040 1469 1089 principio
1493 1039 1608 1075 istius
1641 1040 1738 1075 hore

424 1103 497 1140 fuit
530 1103 663 1139 futura
708 1115 802 1139 vera
846 1114 917 1150 per
964 1100 1092 1137 maius
1137 1108 1296 1148 tempus
1330 1111 1450 1147 quam
1485 1110 1556 1146 per
1590 1097 1738 1133 medie-

423 1171 545 1198 tatem
581 1162 696 1204 hore3
731 1173 825 1209 ergo
859 1172 940 1196 nom
973 1158 1117 1195 desinit
1146 1155 1150 1209 Ι
1179 1159 1212 1193 Α
1242 1166 1405 1205 tangere
1429 1158 1472 1203 Β,
1507 1169 1596 1192 cum
1631 1167 1739 1191 nunc
1778 1158 1879 1201 A46b

423 1219 551 1268 tangit
585 1227 621 1256 et
655 1218 844 1255 continue
877 1226 969 1254 ante
1003 1218 1079 1253 hoc
1112 1215 1255 1263 tetigit,
1291 1224 1327 1252 et
1360 1213 1612 1251 continuabit
1646 1226 1740 1250 con-

423 1287 576 1315 tactum
624 1279 651 1313 Β
696 1278 801 1313 ultra
846 1277 922 1312 hoc
968 1275 1136 1312 instans.
1169 1274 1337 1310 Videtur
1381 1282 1518 1310 tamem
1567 1272 1673 1321 quod
1706 1272 1739 1307 A

425 1336 569 1373 desinit
601 1345 767 1384 tangere
800 1337 843 1381 Β,
877 1333 971 1383 quia
1005 1334 1081 1370 hoc·
1116 1341 1173 1369 est
1206 1331 1395 1368 ultimum
1436 1331 1587 1367 instans
1621 1331 1738 1366 dura-

425 1395 551 1432 cionis
585 1394 739 1442 integre
773 1401 983 1430 contactus
1016 1393 1048 1427 A
1082 1400 1119 1427 et
1152 1393 1199 1438 133
1238 1392 1340 1426 Ymo
1372 1402 1475 1425 unus
1508 1389 1576 1437 qui
1610 1400 1741 1425 corre-

426 1454 671 1502 spondenter
715 1452 863 1489 viveret
911 1460 948 1487 et
993 1458 1336 1498 corrumperetur,
1382 1447 1577 1496 inciperet
1623 1446 1737 1483 mori.
1759 1462 1799 1482 20

426 1512 494 1549 Illa
543 1524 636 1559 ergo
682 1510 836 1558 posicio
871 1522 948 1558 que
991 1507 1180 1557 preponit
1213 1506 1477 1555 negaciomem
1511 1514 1568 1541 est
1603 1504 1740 1541 multis

426 1568 685 1619 probabilior.

484 1630 539 1664 Ex
572 1640 652 1676 quo
686 1634 794 1675 patet
827 1626 934 1674 quod
968 1624 998 1660 si
1033 1624 1196 1673 aliquod
1230 1636 1298 1660 ems
1332 1622 1471 1670 incipit
1504 1622 1563 1658 vel
1597 1620 1742 1657 desinit

430 1699 527 1729 esse⁷
573 1686 705 1734 ipsum
752 1684 892 1732 incipit
935 1684 995 1720 vel
1040 1682 1185 1718 desinit
1230 1681 1409 1729 incipere
1452 1681 1513 1717 vel
1560 1679 1742 1715 desinere

431 1757 528 1789 esse,
574 1753 610 1780 et
654 1742 934 1779 universaliter
979 1754 998 1777 e
1043 1752 1249 1777 converso,
1296 1739 1336 1776 Si
1382 1738 1486 1775 enim
1523 1737 1799 1786 quicquam25

430 1802 571 1851 incipit
604 1802 664 1839 vel
697 1800 843 1837 desinit
891 1812 986 1845 esse,
1034 1808 1129 1835 tunc
1173 1797 1354 1846 incepcio
1388 1810 1467 1845 qua
1507 1795 1649 1844 incipit
1682 1795 1742 1831 vel

427 1860 572 1898 desinit
606 1873 708 1907 esse3
743 1872 833 1896 cum
868 1859 978 1894 nulla
1011 1856 1193 1905 incepcio
1226 1857 1286 1893 vel
1320 1855 1467 1892 desicio
1501 1853 1626 1902 possit
1660 1866 1744 1890 esse

427 1918 677 1967 temporalis.
725 1917 915 1966 Sequitur
960 1917 1067 1964 quod
1114 1915 1181 1951 illa
1215 1913 1356 1963 incipit
1397 1922 1434 1950 et
1467 1912 1611 1949 desinit
1646 1924 1742 1956 esse,

427 1987 463 2014 et
497 1990 568 2025 per
602 1988 851 2024 consequens
884 1974 1059 2023 primum
1096 1986 1164 2009 ens
1198 1974 1337 2009 datum
1361 1971 1502 2020 incipit
1536 1980 1572 2007 et
1596 1969 1743 2006 desinit

427 2036 605 2084 incipere
639 2047 736 2071 esse.
773 2035 900 2079 Unde,
933 2031 1166 2081 ymaginato
1200 2032 1308 2079 quod
1332 2030 1485 2066 instans
1509 2041 1671 2077 presens
1695 2026 1744 2063 sit
1762 2031 1803 2063 30

429 2094 605 2130 medium
653 2093 806 2129 instans
853 2091 970 2127 huius
1016 2092 1126 2140 hore,
1161 2089 1272 2125 cuius
1318 2097 1489 2136 utraque
1522 2099 1615 2135 pars
1648 2085 1745 2122 divi-

430 2155 548 2189 datur
583 2152 620 2187 in
654 2164 745 2187 suas
768 2148 1101 2199 proporcionales
1126 2147 1302 2183 minores
1325 2159 1461 2183 versus
1496 2146 1570 2181 hoc
1594 2145 1744 2180 instans

431 2212 538 2259 quod
586 2219 642 2246 est
676 2221 852 2257 presens,
900 2216 936 2244 et
970 2207 1077 2255 quod
1113 2208 1188 2242 Sor
1221 2205 1259 2241 in
1294 2204 1472 2253 qualibet
1511 2212 1625 2251 parte
1658 2201 1743 2250 pari

432 2269 591 2305 illarum
623 2268 844 2304 secundum
881 2267 1016 2302 datam
1053 2263 1389 2301 conmotacionem
1426 2261 1604 2311 quiescat
1639 2269 1675 2296 et
1707 2260 1746 2295 in

433 2327 611 2376 qualibet
657 2335 771 2374 parte
822 2323 967 2372 impari
1023 2331 1232 2359 moveatur
1286 2330 1397 2357 motu
1451 2319 1641 2368 opposito
1688 2320 1802 2354 2¹¹¹35

432 2384 796 2433 ymaginacionem,
832 2396 921 2419 cum
956 2381 995 2418 in
1030 2382 1105 2417 hoc
1129 2380 1295 2416 instanti
1319 2377 1459 2426 incipit
1481 2380 1556 2414 Sor
1581 2376 1744 2422 moveri,

433 2452 469 2480 et
501 2443 539 2479 in
574 2444 649 2479 hoc
683 2441 846 2478 instanti
878 2440 1017 2489 incipit
1041 2439 1266 2488 quiescere:
1301 2446 1337 2474 et
1371 2445 1505 2473 tamem
1529 2435 1746 2471 immediate

432 2510 522 2550 post
556 2502 630 2537 hoc
664 2500 828 2548 incipiet
869 2498 1038 2535 moveri:
1085 2506 1122 2533 et
1167 2496 1222 2533 sic
1268 2498 1315 2532 de
1360 2495 1564 2543 quiescere.
1601 2495 1746 2529 Ymmo

434 2573 522 2596 cum
557 2572 636 2595 mon
672 2567 856 2594 movetur
889 2566 926 2593 et
960 2555 1178 2591 immediate
1218 2563 1306 2602 post
1340 2554 1415 2589 hoc
1450 2551 1674 2588 movebitur
1708 2559 1744 2586 et

434 2618 651 2654 immediate
692 2625 784 2653 amte
831 2617 905 2651 hoc
951 2627 1031 2650 mon
1078 2614 1328 2656 movebatur,
1372 2620 1407 2647 et
1440 2619 1575 2646 tamem
1608 2608 1806 2656 incipit40

501 2824 526 2843 2.
548 2822 603 2843 nou
615 2824 675 2851 pro
697 2821 810 2841 nomen
832 2814 870 2840 A.
953 2813 977 2840 5.
1001 2815 1211 2847 proponentes
1233 2811 1270 2837 A.
1355 2810 1382 2836 S.
1406 2797 1475 2844 pos]
1493 2810 1530 2835 A.
1614 2815 1656 2834 10.
1678 2814 1745 2840 pro-

433 2878 581 2908 ponentes
602 2873 639 2900 A.
715 2881 756 2905 14.
779 2858 873 2906 ξ”.μνο
895 2878 965 2897 vera
986 2871 1025 2897 A.
