1969 3192
259 239 348 268 cm.
369 239 409 267 xi
825 241 1010 274 LOGICA.
1800 233 1848 281 37

258 349 387 397 aliqua
413 348 568 384 dileccio
591 355 645 383 est
669 348 814 391 virtus,·
845 349 911 383 sed
936 347 975 382 in
1001 347 1280 394 predicacione
1304 347 1497 384 indirecta
1523 348 1563 383 fit

259 407 390 442 taliter
423 406 462 441 in
495 406 745 453 Baraliplon:
796 405 929 441 Omnis
968 406 1090 440 virtus
1142 413 1196 441 est
1239 406 1398 449 bonitas,
1443 406 1564 441 omnis

259 464 404 500 iusticia
445 471 500 499 est
532 463 674 498 virtus:
718 474 811 510 ergo
854 463 982 511 aliqua
1029 463 1178 499 bonitas
1209 471 1264 499 est
1308 463 1468 499 iusticia.
1522 465 1562 498 In

258 522 433 558 secunda
465 520 604 568 figura,
640 519 695 556 sic
722 520 764 556 fit
797 520 1048 568 syllogismus
1077 520 1154 556 isto
1178 521 1298 557 modo
1322 520 1361 556 in
1400 522 1563 558 Cesare:

226 579 376 614 §Nulla
412 579 533 614 virtus
565 585 620 614 est
652 578 810 617 vicium:
842 586 1162 627 omnepeccatum
1196 586 1250 615 est
1275 579 1432 614 vicium:
1455 591 1562 626 ergo,

258 637 362 672 nulla
396 636 518 672 virtus
550 643 605 672 est
629 643 842 684 peccatum.
877 637 917 671 In
951 635 1074 672 tercia
1104 636 1230 683 figura
1262 636 1317 672 sic
1347 636 1414 672 fiet
1446 637 1564 684 syllo-

257 694 406 741 gismus
440 693 478 729 in
500 693 692 742 Darapti:
724 693 980 729 omnishomo
1012 701 1067 729 est
1099 694 1265 733 animal:
1297 694 1418 730 omnis
1450 695 1562 730 homo

256 759 311 787 est
343 751 516 788 risibilis:
551 763 658 798 ergo,
692 751 883 799 quoddam
917 751 1062 787 risibile
1093 759 1147 787 est
1179 752 1334 787 am'mal.

314 811 361 845 Et
405 809 625 845 notandum
672 809 779 856 quod
823 808 863 844 in
910 808 1087 856 qualibet
1132 809 1258 856 figura
1303 818 1432 857 potest
1478 809 1561 845 fieri
1577 815 1850 856 Theequsitorial

204 880 241 901 10
255 867 513 918 syllogismus
535 866 805 915 expositorius.
826 867 867 902 ln
886 866 1016 914 prima
1034 866 1160 914 figura
1178 866 1250 902 sic:
1276 867 1346 903 hoc
1365 874 1417 902 est
1437 867 1562 911 homo,
1603 852 1824 914 idq-‘'gffffflfinsssw

257 933 292 960 et
317 925 393 960 Sor
414 932 469 960 est
492 925 582 960 hoc:
614 936 719 972 ergo,
749 924 825 959 Sor
845 931 901 960 est
923 925 1046 960 homo.
1081 926 1122 960 In
1145 925 1319 960 secunda
1344 925 1483 972 figura,
1508 925 1562 961 sic
1578 921 1851 983 ῃῃῖὲξέἶῑὲῃξῖᾞίζῖ

256 982 321 1018 fiet
353 982 604 1030 syllogismus
638 981 917 1029 expositorius:
953 982 1077 1018 virtus
1098 989 1154 1018 est
1176 983 1258 1025 hoc,
1282 991 1318 1018 et
1339 983 1487 1018 bonitas
1509 991 1563 1019 est
1614 977 1768 1024 pronoiin,
1789 991 1815 1017 is

255 1040 345 1076 hoc:
368 1052 473 1087 ergo,
498 1040 621 1075 virtus
643 1046 698 1075 est
720 1039 878 1075 bonitas.
913 1041 953 1075 In
983 1039 1107 1076 tercia
1132 1039 1258 1087 figura
1281 1039 1336 1076 sic
1361 1040 1425 1076 fiet
1448 1041 1563 1088 syllo-
1578 1025 1850 1093 esfflffihssffidshe

254 1097 423 1145 gismus:
458 1098 528 1133 hoc
557 1097 685 1147 diligit
712 1096 854 1142 Deum,
887 1105 921 1133 et
953 1098 1024 1133 hoc
1052 1105 1106 1133 est
1138 1098 1271 1133 homo:
1310 1110 1416 1146 ergo,
1451 1099 1563 1134 homo
1613 1094 1694 1121 third
1716 1090 1819 1129 figure.

203 1156 384 1206 15diligit
416 1156 554 1193 Deum.
600 1157 647 1191 Et
680 1154 752 1191 iste
785 1154 1035 1203 syllogismus
1072 1155 1334 1203 expositorius
1367 1155 1406 1191 in
1439 1156 1562 1192 tercia

256 1213 382 1261 figura
416 1222 473 1249 est
506 1212 676 1248 maxime
709 1213 890 1249 usitatus.
937 1215 984 1248 Et
1019 1213 1224 1249 sciendum
1260 1215 1365 1261 quod
1405 1223 1562 1262 oportet
1585 1221 1640 1248 But
1660 1221 1681 1248 it
1701 1221 1776 1248 does
1797 1225 1849 1248 not

256 1272 354 1307 bene
391 1280 529 1307 notare
562 1282 644 1306 rem
677 1283 750 1318 pro
790 1283 868 1318 qua
907 1271 1095 1318 supponit
1135 1272 1209 1307 hoc
1242 1284 1465 1318 pronomen
1494 1272 1563 1308 hoc
1578 1256 1851 1326 ᾖῖἒὲιὲοῆῗοέἒιξζζ

255 1328 294 1364 in
318 1328 549 1376 syllogismo
574 1328 833 1375 expositori03
858 1327 951 1376 quia
975 1329 1005 1364 si
1026 1328 1141 1364 fuerit
1163 1328 1314 1365 diversa
1333 1329 1562 1377 supposicio
1587 1326 1791 1388 Siflffficgssffiff
1812 1360 1840 1386 in

256 1386 294 1422 in
318 1387 576 1423 antecedente
598 1394 634 1421 et
655 1394 934 1434 consequente,
956 1395 1050 1423 tunc
1072 1386 1325 1434 syllogismus
1345 1400 1424 1423 non
1439 1388 1560 1424 valet:
1615 1380 1631 1394 ξ’
1677 1395 1749 1434 both

200 1456 241 1477 20
256 1453 296 1480 ut
325 1444 407 1480 hic:
430 1445 500 1480 hoc
519 1451 574 1479 est
596 1444 735 1479 Petrus
756 1445 1085 1488 (demonstrando
1112 1453 1296 1480 naturam
1325 1446 1559 1493 humanam)
1628 1438 1804 1464 premisscs.

257 1510 293 1537 et
320 1503 389 1538 hoc
415 1509 469 1538 est
492 1501 637 1537 Paulus
664 1502 994 1546 (demonstrando
1019 1503 1185 1538 eandem
1210 1505 1428 1549 naturam):
1455 1516 1561 1551 ergo,

256 1561 393 1595 Petrus
427 1568 483 1595 est
507 1559 664 1596 Paulus.
699 1561 786 1596 Hoc
816 1569 1097 1607 argumentum
1123 1572 1201 1596 non
1225 1560 1341 1601 valet,
1375 1560 1468 1608 quia
1491 1560 1562 1597 iste

255 1617 462 1667 terminus,
479 1618 563 1661 hoc,
578 1629 683 1652 nunc
706 1617 894 1665 supponit
912 1630 983 1665 pro
1004 1619 1118 1653 Petro
1142 1617 1181 1653 in
1203 1619 1475 1665 antecedente,
1492 1631 1563 1654 nec

255 1676 503 1711 demonstrat
532 1676 706 1720 Petrum,
741 1676 809 1711 sed
842 1684 1027 1711 naturam
1064 1677 1304 1721 humanam
1339 1685 1375 1711 et
1407 1678 1456 1712 ad
1490 1677 1564 1712 hoc
1629 1684 1802 1719 Exanimes.

199 1735 238 1766 25
255 1734 360 1780 quod
378 1741 657 1779 argumentum
674 1733 835 1771 valeret.
852 1742 1055 1780 oporteret
1073 1733 1112 1768 in
1128 1734 1386 1769 antecedente
1402 1735 1565 1770 demon-

254 1800 379 1826 strare
396 1792 554 1826 Petrum
573 1790 834 1837 personaliter
849 1802 918 1838 per
936 1791 980 1841 ly
996 1792 1114 1837 ‘hoc',
1130 1800 1211 1827 tam
1229 1791 1267 1826 in
1285 1791 1428 1827 minori
1444 1805 1563 1840 quam

256 1848 294 1884 in
326 1847 488 1893 maiori,
513 1856 549 1883 et
576 1856 670 1883 tunc
697 1848 989 1896 consequencia
1017 1857 1116 1885 esset
1139 1850 1243 1885 bona
1267 1858 1303 1885 et
1327 1851 1564 1886 antecedens

255 1906 397 1942 falsum
442 1918 515 1953 pro
555 1905 724 1942 minori:
771 1905 932 1947 scilicet,
978 1908 1085 1954 quod
1126 1907 1201 1943 hoc
1235 1908 1564 1952 (demonstrando

256 1965 431 2007 Petrum)
451 1972 507 1999 est
524 1964 682 1999 Paulus.
708 1966 755 1999 Et
778 1963 874 1999 illud
895 1972 1175 2011 argumentum
1200 1977 1279 2000 non
1298 1965 1386 2012 plus
1405 1966 1564 2001 conclu-

200 2026 241 2057 30
256 2021 324 2060 dit.
342 2033 460 2068 quam
486 2020 540 2057 sic
564 2023 902 2068 argumentando:
929 2022 1040 2057 homo
1063 2029 1117 2057 est
1140 2023 1294 2067 Petrus,
1318 2031 1353 2058 et
1376 2023 1487 2058 homo
1511 2030 1565 2059 est

256 2078 421 2115 Paulus.-
439 2091 545 2126 ergo,
567 2079 707 2114 Petrus
728 2087 782 2115 est
806 2080 961 2115 Paulus.
988 2082 1034 2115 Et
1058 2081 1198 2116 eodem
1224 2080 1344 2116 niodo
1370 2080 1563 2127 contingit

256 2136 412 2172 fallacia
434 2135 474 2172 in
495 2136 661 2172 materia
681 2137 728 2172 de
751 2136 942 2178 trinitate,
967 2137 1021 2173 sic
1045 2138 1384 2185 argumentando:
1403 2138 1490 2174 Hoc
1511 2146 1564 2174 est

251 2201 367 2243 pater
398 2195 727 2241 (demonstrando
761 2193 1025 2240 divinitatem)
1060 2204 1096 2230 et
1119 2196 1205 2231 Hoc
1227 2195 1424 2244 estfilius:
1457 2208 1563 2243 ergo,

252 2259 369 2300 pater
390 2259 444 2287 est
455 2252 578 2302 filius.
603 2253 650 2286 Et
674 2261 952 2299 argumentum
978 2265 1058 2288 non
1074 2253 1195 2295 valet;
1220 2261 1256 2288 et
1280 2254 1419 2289 eodem
1446 2255 1565 2289 modo

202 2312 241 2345 35
259 2310 305 2344 de
346 2309 517 2349 Christo,
557 2309 611 2345 sic
651 2311 987 2357 argumentando:
1024 2311 1094 2345 hoc
1127 2318 1181 2345 est
1217 2310 1353 2346 Deitas
1385 2312 1565 2354 (demon-

257 2367 420 2402 strando
455 2366 672 2412 Christum)
707 2376 743 2403 et
772 2368 841 2403 hoc
865 2375 918 2403 est
942 2368 1179 2403 humanitas:
1212 2380 1320 2415 ergo,
1354 2368 1489 2404 Deitas
1511 2376 1565 2404 est

257 2425 496 2463 humanitas:
546 2424 651 2472 quia,
693 2424 802 2460 sicud
845 2438 921 2461 una
956 2425 1081 2461 deitas
1118 2434 1174 2461 est
1217 2426 1564 2462 communicabilis

256 2481 382 2517 tribus
418 2482 610 2529 personis,
656 2482 710 2518 sic
752 2491 807 2518 est
841 2495 918 2518 una
953 2494 1123 2530 persona
1158 2483 1304 2519 Christi
1342 2484 1564 2519 communi-

331 2675 339 2695 1
355 2664 548 2706 1.Wyclif's
563 2672 755 2706 apponents
765 2665 946 2707 veryofteu
963 2666 1045 2697 used
1057 2665 1363 2708 this‘exposito'rial
1374 2667 1564 2709 syllogism'

258 2711 389 2750 against
420 2711 503 2750 him,
541 2718 576 2742 to
603 2711 711 2742 refute
738 2711 792 2742 his
825 2712 980 2743 doctrine
1019 2712 1059 2743 of
1087 2713 1297 2744 Universals.
1338 2714 1399 2743 His
1430 2714 1562 2744 remark

258 2758 294 2795 (l.
309 2767 317 2786 1
332 2758 452 2798 1—37]
471 2758 625 2788 contains
642 2757 696 2788 his
714 2758 851 2798 general
874 2759 969 2800 reply
988 2765 1023 2788 to
1042 2758 1130 2789 their
1148 2758 1359 2789 refutations.
1378 2759 1563 2800 Through-

259 2809 319 2833 out
344 2802 396 2833 his
423 2802 675 2845 philosophical
703 2804 829 2843 works,
858 2814 909 2835 we
937 2804 1021 2835 shall
1052 2803 1118 2835 find
1145 2804 1217 2835 him
1244 2806 1342 2846 again
1371 2806 1435 2835 and
1464 2806 1563 2846 again

260 2849 435 2889 returning
461 2856 496 2880 to
523 2849 579 2880 the
606 2849 750 2887 subiect.
