1969 3192
496 811 840 861 CAPITULUM
876 814 1284 865 DUODECIMUM.

286 926 389 971 Quia
412 927 561 963 dictum
596 937 652 964 est
686 930 733 965 de
756 930 966 966 summulis
988 930 1028 966 in
1053 931 1196 979 quibus
1221 940 1415 968 tractatur
1438 944 1535 980 quo-

228 984 445 1021 dammodo
480 987 527 1022 de
561 986 923 1034 proposicionibus,
965 997 1002 1024 et
1034 989 1224 1037 quoniam
1259 990 1534 1037 ignorantibus

227 1042 528 1089 supposiciones
573 1044 834 1081 terminorum
868 1045 1011 1082 veritas
1054 1047 1379 1094 proposicionum
1425 1048 1533 1093 latet⁷

196 1098 329 1145 5ideo‚
363 1109 526 1148 propter
553 1101 680 1150 magis
707 1102 934 1140 distinctam
969 1104 1159 1141 noticiam
1188 1105 1532 1153 proposicionum,

226 1166 383 1204 oportet
408 1159 615 1196 materiam
633 1161 681 1196 de
696 1160 1046 1208 supposicionibus
1070 1162 1300 1210 aliqualiter
1316 1164 1531 1201 declarare.

227 1216 274 1250 Et
297 1215 504 1252 sciendum
537 1219 643 1265 quod
667 1219 798 1254 nullus
822 1219 1017 1255 terminus
1049 1229 1157 1256 extra
1180 1221 1407 1258 oracionem
1440 1234 1530 1269 sup-

227 1272 351 1319 ponit,
385 1275 452 1310 sed
485 1276 613 1311 solum
648 1275 686 1311 in
720 1277 928 1321 oracione3
968 1290 1041 1314 nec
1074 1278 1208 1327 aliqua
1244 1292 1336 1326 pars
1370 1278 1532 1315 extremi

226 1331 432 1378 supponit3
466 1334 532 1368 sed
566 1333 638 1369 toti
667 1343 841 1370 extremo
870 1336 1036 1371 debetur
1068 1336 1310 1384 supposicio.
1352 1338 1437 1373 Hoc
1462 1345 1531 1382 est,

174 1389 332 1424 10nulla
366 1402 456 1436 pars
489 1391 655 1427 subiecti
689 1401 755 1427 aut
794 1392 989 1440 predicati
1027 1394 1217 1441 supponit
1250 1396 1316 1430 sed
1365 1395 1437 1431 toti
1471 1407 1532 1431 ex-

225 1454 353 1482 tremo
387 1447 410 1483 i.
444 1460 476 1484 e.
511 1449 583 1484 toti
617 1450 823 1496 predicato
867 1459 934 1486 aut
967 1451 1145 1488 subiecto
1185 1453 1351 1488 debetur
1385 1465 1532 1500 suppo-

225 1503 334 1540 sicio.

283 1563 359 1598 Sed
402 1564 623 1600 notandum
672 1574 728 1601 est
771 1564 915 1613 primo,
967 1579 1039 1614 pro
1083 1567 1305 1615 quidditate
1351 1568 1532 1616 supposi-

224 1619 362 1661 cionis,
395 1622 503 1669 quod
537 1622 768 1670 supposicio
800 1632 857 1659 est
881 1624 1118 1674 significacio
1142 1626 1298 1661 termini
1317 1626 1536 1676 kategorici

172 1677 287 1725 15q111'
316 1686 370 1714 est
393 1687 610 1715 extremum
629 1681 925 1729 proposicionis,
958 1683 993 1717 in
1017 1684 1310 1731 comparacione
1341 1685 1392 1719 ad
1423 1684 1531 1719 aliud

223 1742 454 1772 extremum.
489 1739 536 1773 Et
569 1746 625 1773 est
658 1747 877 1774 extremum
919 1740 957 1775 in
990 1740 1271 1788 proposicione
1305 1741 1527 1778 subiectum

222 1793 282 1828 vel
320 1794 583 1841 predicatum.
627 1796 867 1844 Supposicio
905 1797 1051 1834 dicitur
1095 1799 1324 1847 dupliciter3
1363 1799 1527 1844 scilicet,

219 1852 384 1900 propria
419 1860 454 1888 et
486 1853 716 1903 impropria.
750 1854 990 1902 Supposicio
1023 1855 1245 1904 impropria
1278 1866 1335 1893 est
1367 1858 1528 1905 quando

224 1909 418 1945 terminus
451 1909 649 1958 significat
680 1911 795 1948 aliter
827 1925 869 1949 ex
902 1926 973 1949 usu
1007 1914 1197 1961 loquendi
1230 1928 1350 1962 quam
1384 1927 1427 1951 ex
1450 1915 1529 1963 pri-

169 1977 210 1998 20
226 1967 351 2003 maria
374 1967 685 2015 significatione:
720 1979 761 2005 ut
784 1971 926 2021 Anglin
956 1970 959 2021 1
985 1979 1159 2021 pugnat:
1190 1972 1266 2008 hihi
1286 1973 1451 2021 ciplzztm.
1487 1975 1528 2008 In

224 2024 298 2060 ista
340 2026 634 2073 proposicione‚
680 2027 752 2063 iste
796 2029 990 2064 terminus
1034 2029 1177 2079 Anglia
1223 2030 1412 2078 supponit
1458 2043 1530 2078 pro

223 2083 435 2119 hominibus
476 2084 511 2119 in
544 2085 701 2135 Anglia,
740 2086 799 2121 vel
838 2099 910 2134 pro
955 2094 1180 2136 aggregato
1224 2100 1275 2123 ex
1317 2089 1531 2124 hominibus

223 2140 258 2175 in
291 2141 445 2191 Anglia.
480 2144 527 2177 Et
559 2142 598 2177 in
632 2145 806 2179 secunda
838 2135 1118 2192 proposicione
1152 2145 1304 2193 ciplzum
1339 2146 1530 2194 supponit

223 2197 442 2245 improprie
475 2212 547 2246 pro
580 2208 752 2237 contento
785 2202 820 2236 in
853 2202 974 2250 cipho.

168 2256 206 2288 25
279 2256 516 2303 Supposicio
540 2258 703 2305 propria
718 2259 928 2307 dupliciter
941 2260 1103 2296 dicitur:
1128 2260 1290 2307 scilicet,
1317 2261 1530 2297 materialis

223 2322 259 2348 et
281 2314 483 2361 formalis.
519 2316 758 2363 Supposicio
792 2329 889 2364 pure
921 2318 1135 2353 materialis
1167 2328 1223 2354 est
1257 2320 1419 2366 quando
1452 2328 1528 2354 ter-

224 2370 354 2406 minus
387 2373 576 2420 supponit
609 2387 680 2421 pro
714 2387 753 2410 se
786 2374 885 2422 ipso,
931 2384 999 2410 aut
1031 2388 1164 2411 secum
1199 2377 1382 2424 analogo,
1428 2386 1469 2412 ut
1503 2377 1531 2412 li

223 2430 354 2476 e‘ego”
401 2439 457 2465 est
502 2443 738 2478 pronomen,
785 2433 813 2467 li
843 2433 1087 2469 “dominus'³
1129 2442 1187 2469 est
1233 2447 1398 2470 nomen:
1445 2436 1527 2470 Hec

223 2486 350 2522 diccio
395 2488 546 2524 “amo’'
593 2498 649 2525 est
692 2490 869 2536 verbum,
918 2491 947 2525 Ii
988 2492 1242 2527 '⁸lohannes*'
1292 2501 1348 2528 est
1401 2491 1528 2538 trysil-

168 2544 359 2580 3olabum
384 2553 458 2581 etc.

281 2603 519 2650 Supposicio
555 2605 747 2652 formalis
791 2613 847 2640 est
891 2605 1050 2653 duplex:
1104 2606 1254 2642 scilicet
1299 2606 1528 2654 supposicio

222 2659 390 2708 simplex
421 2670 456 2696 et
484 2662 715 2709 personalis.
764 2662 1002 2709 Supposicio
1037 2663 1201 2712 simplex
1240 2674 1296 2700 est
1340 2664 1405 2700 illa
1451 2677 1529 2712 qua

294 2846 313 2866 1.
335 2838 410 2873 Cap.
432 2840 522 2867 deest.
623 2848 647 2867 2.
671 2841 776 2868 [nitial
796 2841 825 2875 Q
845 2841 874 2868 in
896 2842 950 2868 red
970 2842 1032 2876 intr,
1058 2844 1121 2870 ancl
1141 2843 1183 2870 De
1204 2843 1477 2877 supposicionibus
1498 2843 1528 2869 in

225 2880 323 2909 marg.

1562 941 1755 976 Importance
1775 943 1810 970 ot

1643 984 1729 1003 some

1577 1011 1794 1046 acquaintance

1652 1047 1723 1073 with

1582 1081 1792 1116 Supposition.

1573 1231 1621 1258 No
1642 1236 1718 1259 term
1739 1240 1794 1259 can

1646 1267 1722 1294 have

1582 1302 1786 1336 suppositimz,

1547 1341 1652 1370 except
1673 1337 1760 1364 when
1782 1338 1812 1364 in

1562 1378 1577 1396 a
1598 1371 1804 1406 proposition,

1617 1406 1675 1433 and
1697 1406 1757 1434 this

1612 1446 1759 1477 property

1558 1474 1683 1509 belongs
1704 1480 1734 1502 to
1755 1476 1804 1503 the

1548 1509 1647 1537 whole
1659 1509 1775 1544 subject
1787 1520 1822 1538 οι·

1606 1544 1770 1579 predicate.

1574 1670 1578 1675 .
1615 1637 1641 1664 It
1661 1638 1686 1665 is
1706 1639 1754 1667 the

1555 1672 1757 1705 Signification
1779 1676 1814 1702 of

1553 1714 1611 1733 one
1631 1710 1811 1743 categorica}

1579 1744 1741 1783 extremity
1760 1748 1791 1771 ot

1562 1783 1578 1802 a
1600 1779 1807 1812 propos1ti0n,

1550 1813 1716 1845 compared
1738 1814 1812 1840 with

1605 1846 1655 1873 the
1675 1848 1763 1875 other

1597 1882 1773 1918 extremity:

1562 1921 1582 1940 1.
1604 1915 1807 1951 Supposition

1593 1957 1714 1985 proper
1733 1961 1768 1979 or

1600 1985 1766 2021 improper.

1574 2281 1598 2300 ’.ὶ-
1621 2274 1649 2301 ΙῙ’
1667 2284 1722 2310 pro
1748 2285 1788 2311 er,

1588 2312 1718 2338 materia
1750 2320 1785 2340 01·

1605 2344 1735 2379 formal
1742 2356 1751 2377 ‚⁴

1552 2379 1717 2415 according
1736 2390 1768 2408 as
1788 2382 1810 2409 it

1555 2414 1662 2440 stands
1682 2415 1730 2441 for
1750 2416 1799 2443 the

1559 2449 1644 2475 word
1666 2448 1688 2475 it
1708 2450 1743 2484 is,
1765 2459 1800 2477 or

1571 2482 1619 2509 for
1638 2483 1721 2510 what
1740 2485 1789 2512 the

1638 2519 1723 2545 word

1589 2559 1771 2587 represents.

1618 2621 1740 2649 Forma}

1559 2656 1752 2691 supposition
1774 2658 1798 2685 is

1601 2691 1707 2725 simple
1727 2700 1762 2718 or
