1969 3192
125 240 201 285 154

840 247 1064 280 JOHANNIS
1090 248 1275 280 WYCLIF
1580 247 1670 276 CAP.
1692 248 1717 275 X

135 370 179 388 we
201 365 283 388 must
303 365 372 387 note
408 365 484 401 que
529 366 600 389 nec
646 362 736 389 sunt
782 354 1011 390 substancie
1057 368 1128 391 nec
1168 355 1415 392 accidencia.
1466 358 1727 394 Extendendo

144 398 208 423 that
229 396 299 425 thev
320 403 370 422 are

116 426 382 463 t'alse,f01''ma11v
406 420 545 447 tamen
578 424 726 447 nomen
760 412 988 448 substancie
1021 414 1070 449 ad
1101 426 1220 450 omne
1250 426 1317 450 ens
1348 413 1592 462 ininherens,
1626 416 1727 452 foret

167 467 271 500 things
292 473 342 492 are

123 501 257 534 neither;
279 500 382 527 unless

132 545 177 563 we
198 536 298 562 widen
320 534 370 572 the

155 571 299 604 meaning
319 572 350 596 ot

166 606 337 633 substance.

167 827 238 854 And
260 828 343 860 then,

171 863 336 889 substance

134 897 297 931 becoming
317 897 367 924 the

121 941 205 960 same
224 940 256 959 as
277 932 381 967 being,

180 968 202 994 it
222 967 325 994 would

128 1003 233 1030 follow
253 1003 319 1029 that
339 1009 376 1028 an

142 1038 281 1065 accident
300 1037 326 1064 is
347 1045 362 1063 a

158 1072 343 1108 non-entity,

167 1107 344 1142 something

114 1142 231 1170 besides
250 1142 341 1177 being
355 1150 390 1169 01·

139 1178 229 1205 other
248 1178 323 1204 tlzan
345 1185 360 1203 a

201 1212 301 1247 being.

124 1296 153 1322 Α
173 1294 291 1322 similar
311 1302 380 1321 case

149 1338 259 1357 occurs
279 1329 353 1356 with

174 1364 328 1392 exclusive

148 1399 361 1435 propositions

112 1436 201 1462 when
222 1437 293 1470 they
313 1434 389 1461 have

130 1470 376 1497 transcendental

164 1505 341 1541 ampliative

198 1545 304 1567 terms.

120 1576 219 1610 Thus,
240 1575 381 1611 Nothing

112 1614 166 1638 not
185 1611 379 1638 understood

136 1646 161 1672 is
181 1653 200 1672 α
222 1648 363 1673 nol-man

139 1681 165 1708 is
186 1689 365 1717 necessary

112 1720 161 1751 yet
181 1716 220 1743 its
240 1716 377 1750 changed

114 1755 206 1784 torm,
227 1751 300 1786 only
319 1759 389 1778 man

200 1786 226 1812 is
246 1788 302 1813 not

152 1821 352 1851 understood.

187 1857 213 1883 is
234 1856 318 1883 salse.

137 1891 195 1918 But
216 1900 261 1918 wc
283 1896 365 1918 must

160 1926 261 1953 notice
282 1927 343 1953 thal

214 1963 288 1989 such

143 1996 356 2031 pwpositicnis

166 2036 279 2058 cannot
301 2032 335 2058 be

177 2068 323 2102 properly

112 2102 276 2136 exclusive,
304 2102 387 2128 since

228 2138 278 2163 the

129 2172 375 2199 transcendentnl

158 2211 235 2233 term
258 2209 297 2241 (v.
319 2215 346 2242 g.

112 2241 311 2275 understood)
333 2250 387 2269 can

148 2277 182 2303 be
204 2277 351 2304 excluded

129 2314 208 2338 troni
232 2312 370 2347 nothing.

176 2347 247 2373 And
269 2347 319 2374 the

142 2382 355 2416 proposition:

143 2416 225 2451 Only
244 2425 314 2444 man
335 2417 361 2444 is

112 2455 165 2477 not
190 2452 388 2481 understood„

172 2486 196 2513 is
219 2487 330 2523 rightly

157 2523 345 2549 convertible

124 2556 214 2582 with:
236 2556 282 2585 No
302 2565 376 2584 non-

408 470 711 506 concedendum
776 470 873 507 talia
927 483 1011 507 esse
1071 471 1334 509 substancias.
1398 474 1447 509 Et
1498 481 1594 509 tunc
1646 487 1727 510 non

406 536 642 576 sequeretur
682 540 725 564 ex
763 527 839 565 ista
879 529 1077 566 exclusiva
1116 532 1225 579 quod
1270 538 1417 567 tantum
1457 543 1521 567 ens
1561 544 1634 567 non
1679 532 1728 569 sit

405 586 583 622 accidens
634 595 801 634 propter
862 588 1240 625 transcendenciam
1303 588 1472 625 subiecti
1531 590 1759 628 exclusive5

406 643 602 692 negative,
638 644 822 693 quamvis
846 645 1027 693 arguitur
1050 647 1099 683 ab
1123 646 1301 683 inferiori
1330 648 1380 684 ad
1404 660 1520 684 suum
1544 648 1726 697 superius

406 715 427 738 a
461 711 575 751 parte
607 702 774 740 subiecti
799 703 1094 752 proposicionis
1118 705 1325 744 exclusive.
1358 707 1459 742 Cum
1491 705 1566 743 ista
1590 715 1727 744 tamen

407 760 619 806 exclusiva,
660 769 808 797 tantum
847 774 916 799 ens
949 775 1021 799 non
1054 771 1110 799 est
1149 764 1338 812 accidens,
1374 764 1620 801 convertitur
1652 765 1727 802 ista

406 819 610 867 exceptiva
643 819 902 857 affirmativa:
942 821 1064 858 Omne
1096 834 1161 858 ens
1184 830 1322 871 preter
1351 835 1416 859 ens
1448 830 1504 859 est
1535 824 1726 871 accidens,

405 877 615 926 supposita
660 877 744 914 eius
790 878 1055 926 congruitate,
1106 893 1227 928 quam
1268 880 1363 917 satis
1403 893 1628 918 consonum
1669 891 1785 918 estio

407 935 634 983 admittere,
680 935 781 973 sicut
820 936 1072 974 admittimus
1112 938 1405 987 congruitatem
1444 939 1571 987 istius,
1617 953 1728 977 omne

405 1006 470 1030 ens
513 995 622 1030 aliud
664 995 711 1030 ab
757 1004 840 1032 ente
885 1004 940 1032 est
984 997 1172 1035 accidens.
1218 997 1386 1034 Videtur
1426 1006 1563 1035 tamen
1604 998 1725 1035 michi

405 1054 514 1101 quod
553 1052 789 1089 universalis
828 1054 1069 1091 affirmativa
1109 1056 1155 1091 de
1194 1055 1377 1092 terminis
1416 1056 1584 1093 infinitis
1617 1070 1726 1094 com—

405 1110 546 1159 positis
570 1124 650 1147 non
675 1111 921 1149 convertitur
943 1125 1033 1149 cum
1066 1113 1135 1149 tali
1170 1113 1368 1151 exclusiva
1400 1114 1597 1163 negativa,
1633 1129 1723 1152 curn

405 1169 675 1206 necessarium
716 1170 766 1206 sit
798 1171 945 1207 nullum
987 1184 1059 1207 non
1092 1172 1270 1208 accidens
1307 1185 1388 1209 esse
1420 1186 1493 1209 non
1526 1186 1603 1218 ens,
1637 1187 1683 1211 eo
1719 1170 1781 1228 115

405 1228 513 1276 quod
547 1227 794 1276 impossibile
828 1237 885 1265 est
918 1229 1076 1278 aliquod
1108 1243 1180 1266 non
1213 1231 1392 1267 accidens
1424 1244 1505 1268 esse
1542 1245 1614 1269 non
1647 1245 1723 1269 ens.
1755 1233 1859 1268 A36²

463 1288 511 1322 Et
550 1285 654 1323 idem
697 1286 854 1323 videtur
895 1288 942 1323 de
983 1288 1190 1325 exclusivis
1232 1289 1471 1326 habentibus
1515 1290 1725 1339 predicata

404 1344 598 1381 terminos
613 1346 943 1382 transcendentes
959 1346 1234 1395 ampliativos3
1259 1356 1302 1384 ut
1317 1356 1409 1384 sunt
1425 1349 1523 1385 tales
1547 1349 1723 1396 termini,

404 1403 650 1449 intellectum,
678 1404 954 1454 signficatum,
983 1406 1264 1454 apprehensum
1290 1415 1363 1443 etc.
1398 1409 1499 1443 Nam
1528 1403 1533 1460 Ι
1563 1408 1638 1444 hoc
1668 1416 1725 1444 est
1755 1410 1781 1441 B
1803 1407 1859 1441 25¹·

404 1461 570 1498 falsum:
603 1469 751 1498 tantum
786 1462 900 1499 homo
934 1476 1006 1499 non
1040 1463 1296 1514 intelligitur,-
1329 1473 1365 1501 et
1388 1473 1524 1502 tamen
1557 1467 1633 1503 hoc
1666 1475 1725 1503 est
1741 1477 1784 1499 20

405 1520 697 1556 necessarium:
731 1521 877 1557 nullum
913 1534 984 1557 non
1019 1521 1251 1558 intellectum
1286 1531 1341 1559 est
1365 1536 1436 1559 non
1466 1525 1600 1560 homo:
1632 1537 1722 1561 cum

405 1590 520 1614 suum
566 1578 800 1627 oppositum
841 1578 890 1615 sit
938 1579 1200 1628 impossibile,
1248 1593 1400 1629 ponens
1445 1582 1609 1631 aliquod
1656 1596 1723 1620 ens

405 1648 489 1672 esse
511 1649 593 1673 non
620 1636 883 1674 intellectum.
918 1639 999 1674 Nec
1033 1638 1163 1675 inveni
1197 1640 1244 1676 de
1278 1639 1364 1676 aliis
1400 1641 1721 1678 convertenciam

404 1695 525 1731 talem
568 1695 754 1732 deficere.
800 1698 934 1732 Potest
974 1705 1109 1733 tamen
1149 1697 1226 1733 dici
1267 1699 1377 1746 quod
1417 1699 1593 1747 quelibet
1632 1700 1723 1737 talis

405 1752 603 1790 exclusiva
656 1753 840 1802 negativa
895 1753 1007 1791 cuius
1052 1755 1276 1792 subiectum
1324 1766 1381 1793 est
1433 1760 1722 1795 transcendens
1740 1759 1778 1790 25

405 1824 485 1847 non
525 1820 583 1848 est
622 1824 813 1861 congrua,
854 1812 958 1849 sicut
996 1826 1070 1850 nec
1110 1814 1313 1863 exceptiva
1351 1827 1485 1852 secum
1528 1816 1723 1854 converti-

405 1869 513 1917 bilis3
553 1870 648 1918 quia
680 1872 970 1908 transcendens
1010 1885 1090 1908 non
1132 1881 1264 1920 potest
1298 1874 1453 1910 excludi
1487 1875 1536 1911 ab
1569 1874 1721 1924 aliquo.

405 1930 453 1964 Et
475 1928 532 1964 sic
554 1929 710 1965 tollitur
733 1929 863 1978 prima
887 1929 1099 1976 instancia,
1135 1931 1307 1967 dicendo
1341 1934 1449 1980 quod
1483 1935 1723 1970 antecedens

405 1999 484 2022 non
519 1996 576 2023 est
610 2000 831 2036 congruum
866 1989 925 2025 vel
958 1989 1194 2036 perfectum.
1236 1993 1283 2026 Et
1317 1992 1450 2039 quoad
1486 1995 1542 2027 2¹n
1577 1992 1723 2028 dicitur

404 2046 512 2093 quod
546 2046 636 2082 talis
670 2056 727 2083 est
759 2046 994 2083 universalis
1027 2048 1229 2095 negativa:
1270 2049 1417 2085 nullum
1457 2062 1529 2085 non
1569 2062 1634 2086 ens
1666 2051 1780 2086 in-‘30

403 2103 597 2154 telligituz·
641 2117 714 2141 non
759 2106 894 2147 lzomo‚·
937 2107 1044 2154 quod
1087 2115 1144 2142 est
1184 2119 1283 2155 eque
1329 2107 1577 2155 impossibile
1621 2109 1722 2145 sicut

405 2162 603 2200 exclusiva
643 2163 841 2211 negativa.
886 2164 934 2200 Et
974 2164 1230 2200 corollarium
1275 2174 1383 2213 patet
1422 2178 1465 2202 ex
1505 2168 1581 2203 hoc
1614 2169 1721 2215 quod

404 2220 535 2256 omnis
586 2221 676 2257 talis
731 2221 928 2259 exclusiva
974 2222 1091 2259 infert
1143 2224 1390 2271 exceptivam
1437 2224 1720 2262 affirmativam

405 2279 618 2315 habentem
667 2279 931 2316 universalem
978 2281 1262 2318 affirmativam
1308 2283 1475 2318 alteram
1527 2283 1609 2319 eius
1662 2296 1723 2320 ex-

405 2346 641 2385 ponentem,
677 2350 786 2386 ergo,
820 2340 951 2375 omnis
975 2339 1065 2376 talis
1090 2340 1287 2377 exclusiva
1311 2341 1430 2376 infert
1451 2340 1718 2378 universalem
1740 2340 1779 2374 35

405 2395 711 2442 affirmativam,
761 2405 797 2432 et
837 2409 906 2445 per
947 2397 1051 2433 idem
1098 2398 1228 2434 omnis
1268 2398 1502 2435 universalis
1540 2399 1723 2447 negativa

405 2465 540 2489 secum
588 2454 873 2491 convertibilis.
928 2456 1070 2492 Omnis
1117 2457 1245 2493 eciam
1291 2457 1494 2505 exceptiva
1539 2458 1723 2506 negativa

406 2512 678 2549 convertibilis
711 2522 769 2549 est
803 2526 893 2549 cum
929 2514 1128 2551 exclusiva
1163 2515 1426 2563 affirmativa3
1460 2524 1497 2552 et
1530 2516 1597 2552 illa
1631 2529 1720 2553 cum

475 2690 495 2709 ι.
517 2690 578 2709 non
600 2690 659 2717 pro
680 2691 736 2710 nec
756 2684 866 2719 before
886 2689 957 2712 sunt
978 2684 1011 2711 Β.
1109 2693 1134 2712 2.
1157 2693 1217 2712 non
1240 2685 1385 2713 inherens
1406 2685 1440 2713 Β.
1541 2695 1572 2720 4.
1594 2687 1643 2714 tali
1659 2694 1722 2722 pro

403 2717 461 2743 ista
482 2716 515 2744 Β.
590 2718 613 2745 5.
637 2717 695 2745 sibi
712 2726 773 2753 pro
795 2719 922 2747 subiecti
946 2720 978 2746 B.
1054 2728 1079 2755 7,
1102 2724 1221 2747 tantum
1237 2728 1301 2755 pro
1321 2725 1422 2748 tamen
1438 2721 1476 2747 A.
1551 2721 1577 2756 8,
1599 2730 1628 2756 9.
1650 2729 1723 2748 con-

403 2752 533 2779 vertitur
553 2768 585 2772 —
606 2753 750 2780 accidens
770 2755 858 2781 twt'ce
877 2755 940 2782 AB.
1053 2754 1089 2782 13.
1114 2756 1252 2790 negativa
1274 2756 1306 2782 Β.
1416 2756 1457 2782 16.
1486 2757 1568 2792 quod
1590 2764 1659 2784 cum
1682 2756 1721 2790 ὃς

402 2809 441 2835 ib.
467 2809 505 2836 sit
527 2818 582 2844 pro
604 2815 649 2836 est
670 2810 701 2837 B.
812 2821 850 2847 ¹7⁴
872 2798 922 2847 {Sia
944 2814 981 2840 A.
1092 2814 1130 2840 [S.
1152 2813 1375 2848 ampliat-iones
1396 2814 1434 2847 ss;
1463 2814 1501 2840 ib.
1523 2813 1641 2841 scilicet
1662 2818 1721 2841 ter-

404 2843 478 2870 mini
502 2844 533 2871 B.
644 2853 685 2879 19-
707 2850 762 2872 etc.
784 2846 870 2874 deest
888 2847 920 2874 B.
1030 2856 1068 2874 21.
1091 2848 1172 2875 intv¹¹¹
1193 2849 1230 2875 A.
1340 2848 1383 2875 23.
1405 2849 1490 2876 intvm
1510 2850 1555 2883 A;
1584 2853 1671 2876 uutev
1686 2849 1719 2875 Β.

402 2877 448 2905 30.
469 2879 526 2906 erit
540 2887 600 2914 pro
619 2885 664 2907 est
685 2880 716 2907 B.
